3167 5025
270 235 329 298 128

266 434 394 497 luminis
418 437 557 516 gratiam
580 455 794 516 recognosco
825 445 961 498 econtra
983 435 1067 497 filius
1089 435 1142 496 ille
1156 445 1316 499 -sensatus
1339 439 1428 517 patri
1451 439 1494 499 in·

266 542 395 624 sipienti
434 544 587 605 uirtutem
624 544 785 605 insinuare
823 563 890 605 non
928 543 1080 606 cessabat
1114 543 1248 606 Domini
1282 546 1384 606 nostri
1416 545 1495 624 Jesu
1569 550 1577 611 1

267 650 395 725 Christi,
419 660 454 712 ut
477 650 707 714 inexcusabilis
731 660 820 713 esset
842 651 1022 733 pertinacia
1044 659 1113 712 tarn
1128 650 1306 712 manifestis
1322 652 1497 732 signorum

266 769 364 841 atque
389 759 563 820 uerborum
588 760 783 822 testimoniis
805 757 982 821 confutata
1006 760 1077 840 ipse
1101 779 1181 820 uero
1204 755 1308 820 solitis
1324 760 1389 820 iam
1406 761 1499 822 circa

266 866 365 929 filium
396 866 560 928 blanditiis
599 867 645 928 uti
676 879 916 948 superuacuum
946 867 1125 928 aestimans
1162 865 1329 928 homicidii
1368 865 1524 929 facinuss

266 974 495 1049 meditabatur,
518 972 582 1036 hoc
605 973 850 1036 solummodum
874 981 1079 1058 pertractans
1102 993 1223 1047 secum,
1251 973 1372 1055 quibus
1394 977 1497 1058 potis-

267 1084 386 1144 simum
409 1083 581 1144 tormentis
605 1081 758 1163 perderet
782 1101 864 1143 eum.
1575 1059 1577 1062 ,

374 1190 536 1271 Equidem
568 1199 726 1271 quantum
758 1191 800 1252 ad
831 1191 1081 1272 peruersitatem
1113 1192 1211 1252 animi
1233 1193 1299 1252 iam
1324 1211 1402 1253 reus
1425 1204 1496 1254 erat
1575 1257 1577 1263 ,

267 1297 398 1360 sceleris
429 1299 624 1379 perpetrati,
655 1318 723 1359 non
753 1308 863 1360 tamen
893 1299 1072 1379 permissus
1103 1307 1154 1360 est
1177 1298 1328 1360 manibus
1353 1302 1496 1382 propriis
1575 1375 1577 1380 ³

266 1407 459 1485 sanguinem
483 1405 650 1467 effundere
674 1405 737 1467 filii.
770 1405 907 1486 angelus
929 1386 1015 1467 enim
1040 1405 1174 1466 Domini
1198 1408 1353 1488 apparuit
1377 1410 1528 1490 paeda-1⁰
1575 1474 1577 1505 ,

266 1533 357 1593 gogo
389 1513 457 1574 eius
489 1513 588 1574 beato
613 1513 785 1587 Modest0,
816 1513 858 1574 de
882 1512 1033 1575 custodia
1055 1515 1146 1594 pueri
1170 1515 1382 1595 praecipiens
1406 1517 1436 1578 ei
1458 1537 1494 1579 ac
1572 1582 1577 1588 ,

266 1620 400 1682 dicens:
426 1620 557 1682 sublato
587 1630 696 1683 tecum
728 1641 832 1702 puero
863 1630 939 1683 tuae
970 1622 1035 1682 iam
1066 1622 1190 1682 dudum
1213 1620 1291 1683 fidei
1315 1625 1491 1687 commisso
1574 1615 1577 1675 Ᾰ

268 1728 310 1790 ad
334 1726 409 1789 litus
434 1730 531 1790 maris
555 1728 745 1792 festinanter
769 1729 942 1803 descende,
966 1731 1164 1810 inuentaque
1180 1728 1334 1791 nauicula
1349 1731 1386 1792 in
1403 1732 1488 1793 aliam

266 1835 490 1900 transfretabis
514 1839 692 1917 regionem,
716 1857 815 1917 quarn
839 1837 898 1898 tibi
921 1838 1038 1899 missus
1057 1857 1130 1898 sum
1146 1838 1389 1900 demonstrare
1407 1857 1482 1899 curn·
1575 1831 1577 1836 ’

266 1965 329 2024 que
365 1945 473 2007 senior
507 1947 641 2026 ignotae
676 1947 748 2006 uiae
783 1946 1015 2026 praetenderet
1050 1946 1318 2020 excusationem,
1361 1945 1476 2027 angelus
1485 1966 1507 2002 τε

266 2053 367 2113 totius
398 2053 521 2114 itineris
544 2073 616 2114 sese
641 2053 816 2114 affuturum
840 2053 1021 2134 spopondit
1049 2052 1176 2114 ducem.
1208 2060 1278 2114 erat
1310 2062 1428 2115 autem
1451 2073 1480 2114 eo

266 2170 416 2242 tempore
447 2161 563 2224 beatus
587 2163 684 2223 Vltus
716 2181 876 2223 annorum
907 2169 1044 2242 septem.
1075 2162 1186 2240 itaque
1212 2159 1369 2240 angelico
1394 2161 1490 2223 securi

266 2269 387 2331 ducatu
411 2271 451 2332 ad
478 2289 568 2332 oram
593 2270 690 2331 maris
714 2276 947 2350 perrexerunt,
978 2276 1012 2330 et
1035 2276 1265 2350 praeparatam
1289 2267 1354 2329 sibi
1379 2290 1402 2330 a
1424 2269 1494 2330 Deo

266 2377 458 2452 nauiculam,
482 2385 518 2439 ut
541 2377 641 2460 paulo
665 2385 740 2438 ante
765 2377 961 2458 promissum
985 2375 1098 2450 fuerat,
1122 2377 1323 2437 inuenerunt.
1357 2375 1496 2456 angelus
1575 2410 1577 2487 i

266 2494 376 2549 autem
415 2485 504 2547 uelut
538 2484 700 2549 infirmum
735 2505 797 2569 pro
835 2486 1009 2549 immatura
1047 2493 1156 2548 aetate
1193 2484 1287 2566 pueri
1325 2492 1523 2566 tempranen
1575 2500 1577 2566 ξ

266 2597 409 2657 animum
437 2604 659 2676 percontatur,
691 2597 723 2656 in
747 2614 846 2677 quam
869 2603 999 2676 peteret
1022 2595 1200 2674 regionem.
1232 2592 1275 2654 ad
1300 2613 1404 2672 quem
1426 2594 1496 2674 ipse

266 2712 473 2767 constanter:
498 2724 517 2763 a
533 2703 686 2777 Domino,
711 2704 823 2783 inquit,
847 2723 980 2783 gressus
1003 2700 1144 2763 hominis
1167 2700 1360 2779 diriguntur,
1384 2720 1408 2761 a
1431 2721 1495 2781 quo

266 2821 298 2873 et
329 2813 446 2873 itinera
476 2820 589 2872 nostra
619 2812 651 2871 in
686 2831 768 2891 pace
803 2811 1026 2891 disponentur.
1066 2828 1206 2889 cumque
1236 2808 1325 2869 idern
1358 2808 1496 2889 angelus

264 2940 391 2981 rursum
416 2919 611 3000 temptando
637 2920 734 2981 etiam
758 2918 891 2980 naulum
914 2925 1097 2999 expeteret,
1121 2917 1238 2978 beatus
1261 2935 1345 2996 puer
1369 2917 1432 2977 ait:
1456 2936 1495 2977 ex

265 3048 331 3108 quo
363 3026 580 3089 uoluntariam
611 3034 841 3108 paupertatem
865 3025 1040 3106 elegimus,
1071 3025 1216 3105 inipso,
1247 3024 1303 3103 qui
1326 3024 1426 3085 diues
1450 3032 1521 3084 esto
1575 3056 1577 3136 q

265 3138 297 3199 in
329 3155 459 3209 omneS,
492 3154 585 3215 spem
617 3134 803 3215 posuimus,
834 3154 933 3213 quem
964 3133 1062 3195 etiam
1095 3133 1165 3194 uice
1194 3139 1310 3193 nostra
1333 3132 1493 3194 mercedis

266 3253 341 3305 tuae
366 3244 549 3305 debitorem
575 3241 767 3305 fiducialiter
790 3240 1024 3303 substituimus.
1049 3260 1186 3301 ascensa
1208 3237 1329 3300 deinde
1346 3238 1493 3301 nauicula
1575 3259 1577 3372 q

265 3352 298 3411 in
330 3350 455 3426 locum,
486 3351 541 3430 qui
571 3349 773 3411 Electorium
805 3349 939 3422 dicitur,
970 3347 1178 3410 uelocissimo
1208 3347 1392 3407 transuecti
1425 3352 1489 3408 sunt

266 3459 412 3537 remigi0,
437 3459 614 3537 statimque
638 3456 805 3537 nauigium
828 3455 906 3517 illud
931 3456 1098 3537 disparuit,
1122 3463 1157 3516 ut
1173 3452 1346 3515 manifeste
1364 3455 1484 3517 daretur
1575 3471 1577 3548 ξ

266 3563 418 3645 intelligi,
464 3565 540 3645 quia
579 3584 645 3626 non
683 3563 829 3625 humano
867 3563 926 3624 sed
973 3562 1124 3644 angelico
1169 3559 1356 3623 exhibitum
1406 3559 1518 3623 fueritro
1575 3551 1577 3571 '

269 3672 455 3733 ministeriu.

374 3779 523 3859 Digressi
545 3800 624 3841 uero
649 3800 669 3841 a
692 3779 786 3841 litore
812 3780 909 3841 maris
933 3798 1028 3840 secus
1052 3778 1201 3851 fluuium,
1232 3777 1288 3857 qui
1310 3775 1398 3839 Siler
1421 3795 1493 3837 nun·

268 3895 421 3969 cupatur,
453 3887 670 3962 diuerterunt,
702 3887 812 3967 ibique
835 3896 952 3967 optata
982 3884 1138 3965 refrigerii
1161 3885 1413 3966 opportunitate
1437 3882 1493 3945 sub

269 3995 386 4056 arbore
410 3993 553 4073 quadam
578 4002 709 4075 reperta
731 3996 764 4055 in
787 3992 920 4074 hymnis
944 4002 977 4054 et
1001 3991 1204 4055 orationibus
1228 3993 1494 4072 conquieuerunt.

269 4102 327 4163 sed
352 4122 413 4165 nec
437 4101 480 4162 ibi
505 4099 702 4180 aliquamdiu
727 4101 883 4163 occultari
905 4102 1013 4183 potuit
1029 4100 1161 4161 lucerna
1176 4100 1331 4160 diuinitus
1348 4116 1526 4171 accensas

268 4230 344 4271 nam
377 4209 443 4271 suis
467 4207 601 4288 quidem
625 4208 756 4283 odiosa,
788 4210 876 4289 apud
901 4216 1079 4269 extraneos
1103 4215 1212 4269 autem
1235 4206 1383 4287 gloriosa
1404 4206 1496 4267 mira·

268 4317 347 4378 culis
371 4336 547 4378 coruscare
572 4316 682 4396 coepit
706 4315 795 4377 beati
811 4317 880 4377 Viti
903 4316 1099 4376 innocentia.
1123 4314 1167 4376 nil
1190 4334 1270 4393 sane
1294 4312 1346 4375 uel
1371 4333 1413 4375 ex
1437 4310 1495 4384 his,

268 4444 352 4503 quae
384 4424 485 4484 uictui
517 4422 702 4483 necessaria
733 4429 843 4496 erant,
875 4420 1065 4482 timentibus
1088 4419 1179 4482 Deus
1206 4420 1324 4482 deesse
1355 4426 1496 4502 poterat,
