3167 5025
1322 236 1364 297 ²9

131 420 268 491 mundo,
282 420 324 481 ad
341 420 441 482 breue
459 430 590 502 tempus
607 420 854 503 praescribitur3
879 419 1004 481 illarum
1020 428 1130 483 autem
1148 419 1364 504 abstinentiae

130 530 241 593 cultus
273 528 372 610 longe
404 529 582 590 districtior
613 536 646 589 et
679 527 888 610 multiplicior
919 536 1080 610 perpetua
1110 527 1183 609 lege
1212 530 1364 591 sancitur.

128 638 245 718 magni
274 639 361 699 enim
384 636 506 699 laboris
531 636 747 707 tolerantiam,
772 656 915 717 magnae
939 635 1148 718 perfectionis
1172 637 1364 698 munditiam

128 744 260 808 illarum
285 752 467 826 conceptus
491 745 595 823 exigit
620 752 653 805 et
677 754 800 825 partus,
824 744 866 805 de
891 765 957 824 quo
982 764 1056 805 cum
1078 742 1241 825 propheta
1257 753 1365 825 gratu·

114 854 238 922 slantes
257 854 387 915 dicunt:
411 873 431 913 a
440 852 533 933 facie
549 862 614 922 tua,
638 851 784 923 Borrine,
809 852 1014 932 comminius,
1036 862 1068 912 et
1081 852 1178 932 quasi
1185 853 1364 932 partrm'ui-

134 982 208 1032 mus,
234 970 269 1022 et
284 960 467 1042 peperimus
489 959 638 1041 spt'rr'tmn
662 957 786 1021 salma.
819 958 871 1020 hic
895 968 1008 1040 partus
1031 957 1223 1020 immortalis
1246 980 1364 1039 nequa·

132 1087 229 1148 quam
249 1065 378 1128 Dalilae
395 1068 671 1129 circumuentione
689 1066 837 1127 tradetur
846 1065 1060 1140 l’hilisthaeis,
1076 1087 1137 1127 nec
1151 1066 1363 1147 obprobrium

130 1177 277 1237 incurret
313 1175 491 1237 caecitatis,
528 1174 669 1238 Samson
700 1174 752 1235 ille
785 1174 906 1235 Manue
938 1174 1020 1237 lilius
1051 1175 1284 1255 interpretatur
1314 1175 1364 1237 sol

129 1303 246 1345 eorum
273 1282 324 1344 uel
348 1282 426 1344 solis
450 1281 617 1357 fortitudo,
642 1303 683 1343 eo
707 1283 797 1363 quod
821 1283 941 1343 uirtute
965 1281 1070 1343 clarus
1094 1282 1253 1362 populum
1270 1302 1363 1343 suum

100 1391 169 1453 aab
199 1389 356 1452 hostibus
386 1388 579 1451 liberauerit.
612 1388 777 1469 uirginalis
802 1398 912 1451 autem
936 1390 1115 1451 munditiae
1140 1388 1262 1450 fructus
1286 1389 1364 1451 solis

130 1498 232 1580 ipsius
261 1498 370 1559 radios
395 1496 542 1559 claritate
566 1517 625 1557 sua
642 1497 769 1559 euincit.
795 1498 885 1558 cuius
901 1498 1087 1559 interuentu
1103 1497 1148 1557 ita
1164 1497 1363 1578 propitiante

131 1604 203 1667 Deo
231 1603 421 1677 liberantur,
445 1612 481 1665 ut
505 1624 712 1684 nequaquam
735 1605 820 1665 sicut
836 1603 936 1667 Israel
959 1603 1011 1665 ille
1035 1613 1111 1685 post
1129 1614 1269 1666 mortem
1286 1606 1363 1667 iudi·

132 1716 174 1775 cis
197 1712 412 1775 inuisibilium
436 1712 579 1774 hostium
604 1714 786 1794 captiuitati
811 1712 1012 1774 addicantur.

238 1820 307 1883 Sed
340 1821 513 1882 redeamus
545 1821 587 1883 ad
612 1821 732 1883 illanue
757 1830 790 1882 et
815 1841 955 1883 uxorem
978 1822 1062 1894 ciue,
1095 1830 1129 1882 et
1152 1820 1290 1900 qualiter
1314 1842 1362 1882 su·

102 1937 285 2011 1,seeptum
317 1926 551 1989 honorauerint
575 1928 627 1989 uel
651 1928 832 1989 dimiserint
856 1927 1009 2007 angelum
1034 1929 1211 1989 uideamus
1242 1928 1362 1989 Manue

131 2036 283 2099 hortatur
308 2056 383 2097 eum
408 2045 442 2096 ut
467 2046 575 2098 sumat
598 2037 723 2109 cibum,
755 2035 862 2097 facere
886 2037 916 2097 ei
939 2036 1053 2098 uolens
1077 2035 1236 2108 haedum,
1264 2057 1362 2117 quem

134 2142 181 2205 ille
196 2144 349 2207 Domino
372 2143 477 2223 magis
502 2124 618 2205 offerri
632 2143 721 2206 iubet
738 2144 770 2205 in
787 2142 1024 2205 holocaustum.
1047 2163 1155 2224 neque
1171 2144 1257 2205 enim
1273 2144 1361 2205 idem

139 2252 251 2315 Manue
290 2252 373 2313 tanti
407 2249 505 2312 luisse
537 2252 663 2315 uidetur
694 2252 817 2326 meriti,
851 2261 887 2313 ut
918 2272 958 2314 ea
987 2249 1205 2313 familiaritate
1236 2252 1362 2331 angelis

142 2370 313 2423 inereretur
337 2360 435 2439 iungi,
459 2381 524 2439 qua
548 2379 621 2421 cum
639 2358 810 2421 Abraham
831 2369 864 2421 et
880 2358 970 2421 Loth
992 2358 1173 2421 referuntur
1189 2361 1361 2423 conuiuati.

110 2468 206 2530 20tulit
244 2477 360 2531 tamen
394 2466 537 2530 haedum
570 2487 644 2529 cum
677 2467 864 2531 libamentis
896 2477 929 2530 'ct
962 2470 1071 2550 posuit
1103 2489 1202 2550 supra
1232 2478 1361 2550 petram

141 2576 271 2640 offerens
290 2576 444 2650 Domine,
469 2585 504 2636 ut
528 2585 561 2637 et
585 2577 626 2636 de
644 2575 804 2637 (ledeone
827 2597 926 2658 supra
943 2577 1066 2638 dictum
1083 2586 1141 2638 est.
1166 2577 1224 2638 sed
1241 2577 1361 2663 angelo

145 2687 303 2748 manifeste
336 2683 378 2744 ad
410 2683 536 2745 caelum
570 2683 745 2758 redeunte,
777 2683 897 2746 Manue
929 2685 1053 2747 uisione
1077 2686 1146 2747 eius
1169 2686 1360 2766 perterritus

149 2793 202 2854 ait:
222 2803 315 2854 morte
331 2790 510 2863 neorr'cunnr,
528 2791 604 2872 quia
622 2790 766 2853 nz'dr'rrnrs
781 2792 978 2865 Dameam,
995 2813 1093 2872 quem
1110 2813 1196 2854 uxor
1212 2793 1360 2873 protinus

148 2899 323 2964 consolatur
356 2899 483 2960 dicens:
516 2899 548 2959 ri
568 2897 729 2959 Dorm'mrs
760 2919 817 2959 uos
846 2898 941 2960 uellet
968 2899 1121 2971 occidere,
1153 2900 1191 2960 de
1213 2899 1362 2961 amnibus

108 3005 490 3072 257105ml5l10l0musmm
514 3016 545 3067 et
566 3005 739 3068 lz'burrreuta
763 3028 826 3067 non
849 3007 1041 3088 suscipisset.

237 3115 327 3176 Ecce
352 3114 470 3174 iterum
493 3113 670 3174 debilitatis
695 3114 787 3174 meae
813 3114 939 3195 pudore
964 3114 1162 3188 confundor,
1194 3115 1272 3176 dum
1296 3115 1361 3177 lroc

133 3222 288 3305 exemplo
313 3221 472 3282 femineae
496 3220 694 3282 fortitudinis
719 3222 918 3283 reminiscor.
943 3243 1010 3301 quo
1034 3223 1121 3283 enim
1145 3224 1301 3284 attentius
1318 3225 1361 3285 in·

131 3329 281 3394 firmioris
307 3348 406 3390 sexus
431 3328 559 3389 intueor
582 3327 734 3408 gloriam,
766 3349 807 3389 co
831 3329 978 3389 ueracius
1007 3330 1174 3410 propriam
1203 3351 1360 3412 recogno·

129 3460 220 3500 scere
238 3458 345 3518 cogor
361 3437 590 3516 ignominiam3
607 3437 696 3515 quod
707 3445 818 3497 tamen
831 3455 898 3497 non
907 3434 1142 3498 infructuosum
1159 3437 1237 3499 mihi
1253 3460 1360 3519 spero,

95 3577 119 3612 so
128 3548 206 3626 quia
230 3547 310 3607 dum
335 3566 390 3618 ea,
423 3545 564 3624 quaein
589 3563 641 3604 me
666 3543 743 3604 mihi
767 3543 958 3624 displicent,
989 3542 1188 3623 frequentius
1212 3548 1360 3627 respicit),

127 3655 158 3716 in
192 3661 356 3733 quantum
391 3652 465 3712 Deo
497 3651 672 3713 adiuuante
710 3650 822 3725 uale0,
855 3651 1076 3712 emendationi
1100 3672 1193 3713 meae
1218 3653 1359 3733 inuigilo.

127 3763 250 3825 merito
275 3758 389 3820 mulier
413 3757 494 3820 haec
519 3759 609 3840 prior
633 3758 785 3838 angelum
811 3759 972 3840 suscepit,
1005 3759 1048 3819 ad
1075 3760 1165 3821 cuius
1189 3770 1359 3841 aspectum

126 3889 196 3932 non
226 3866 334 3930 solum
359 3867 430 3947 ipsa
453 3887 520 3929 non
543 3866 702 3947 trepidat,
734 3867 792 3928 sed
818 3876 851 3927 et
875 3868 978 3928 uirum
1003 3868 1222 3948 trepidantem
1247 3889 1359 3930 conso·

127 3975 232 4038 lando
256 3974 399 4036 roborat.
425 3975 503 4054 quid
528 3983 578 4035 est
602 3983 711 4035 autem
736 3975 826 4053 quod
850 3975 882 4035 in
898 3975 1022 4035 uisione
1040 3974 1188 4054 angelica
1203 3976 1276 4056 ipsa
1291 3984 1358 4036 tam

94 4112 117 4148 as
128 4082 243 4144 audax
268 4091 301 4142 et
324 4083 373 4142 uir
396 4092 464 4144 tam
489 4083 628 4164 pauidus
651 4082 822 4154 inuenitur,
845 4082 906 4142 nisi
929 4081 994 4143 hoc
1016 4083 1106 4162 quod
1130 4081 1208 4143 mihi
1224 4082 1358 4161 aliisque

128 4189 377 4272 negligentibus
408 4189 449 4250 de
481 4189 627 4250 eiusdem
659 4209 760 4249 sexus
791 4189 911 4250 uirtute
936 4190 1120 4252 mirandum
1144 4189 1358 4271 proponitur?

129 4295 327 4358 infirmiores
351 4297 437 4356 enim
462 4294 725 4357 adulescentulac
751 4295 792 4356 ad
810 4296 1002 4359 sectandam
1018 4297 1051 4357 in
1066 4296 1159 4358 terris
1176 4295 1357 4378 angelicam

240 4435 263 4486 o.
285 4439 318 4498 Is,
339 4433 380 4498 26,
404 4437 442 4496 18,
463 4454 500 4503 sq.
520 4465 555 4471 —-
576 4447 617 4500 25.
637 4438 694 4502 Jurl.
719 4449 757 4498 13,
779 4450 820 4484 22.
841 4454 878 4502 sq.
