3167 5025
256 208 300 289 54

256 407 421 468 annotasti
444 408 582 489 pagina,
614 423 713 489 quam
736 403 769 469 in
792 402 856 470 ista
879 400 1007 471 exarari
1030 397 1160 491 possint
1183 394 1358 471 schedula.
1395 399 1494 469 credo
1565 397 1566 402 ¹

256 515 355 575 etiam
378 515 472 576 iuxta
496 516 664 595 cognitum
689 515 766 578 mihi
789 517 976 579 deuotionis
998 525 1075 578 tuae
1098 516 1269 590 feruorem,
1296 514 1397 595 quod
1413 514 1498 575 inter
1565 587 1566 590 Ἴ

255 620 353 683 solita
382 620 520 703 precum
544 624 714 704 suffragia,
746 625 864 705 quibus
888 644 949 707 pro
973 623 1113 686 filiorum
1137 633 1267 686 tuorum
1294 622 1497 684 excessibus
1564 645 1568 664 =

255 725 442 809 frequenter
464 729 623 811 inuigilas·
646 728 897 793 famosissimam
913 731 1001 793 illam
1017 732 1127 812 Moysi
1149 748 1409 810 nonnumquam
1426 730 1498 789 arri·

255 836 363 915 pueris
389 838 581 911 orationem,
606 858 671 918 qua
687 837 776 899 uelut
794 847 914 900 contra·
928 838 1037 900 Deum
1057 846 1187 901 erectus
1204 839 1264 899 ait:
1290 846 1358 897 aut
1372 835 1498 897 elimare
1519 865 1526 897 s

254 942 300 1002 ris
331 942 416 1004 lrarrc
445 965 581 1017 aerarii,
613 955 673 1006 arat
694 945 761 1006 dele
784 967 834 1007 rae
856 946 896 1007 de
918 945 998 1007 libra
1022 957 1075 1008 tao
1097 968 1188 1028 quern
1212 944 1390 1026 scripsisti.
1424 943 1496 1004 talis

255 1049 341 1111 enim
365 1050 524 1132 praeclari
548 1051 715 1113 Gedeonis
740 1050 898 1115 fortitudo
922 1055 1139 1135 praedicatur,
1163 1074 1223 1135 per
1246 1074 1355 1134 quam
1381 1053 1413 1113 ei
1437 1052 1497 1112 uic·

254 1157 339 1217 toria
356 1158 510 1219 diuinitus
535 1159 724 1239 spondetur,
750 1180 825 1221 cum
849 1160 981 1222 dicit-ur:
1006 1160 1146 1241 respexit
1167 1159 1216 1223 ad
1235 1181 1310 1221 eam
1330 1160 1496 1220 Dominus

253 1274 284 1323 rt
305 1264 370 1325 ait:
403 1265 486 1325 erade
516 1265 550 1325 irr
574 1264 636 1327 leae
651 1266 848 1347 fortitudine
870 1278 941 1338 tua,
972 1278 1004 1329 et
1023 1266 1172 1328 liberabis
1196 1266 1307 1328 lsrael
1330 1266 1374 1327 de
1397 1286 1496 1327 marra
1567 1343 1569 1360 Ι

253 1369 403 1432 Madian.
428 1392 505 1433 ecce
530 1373 623 1453 quod·
644 1372 815 1454 psalmista
838 1383 1042 1455 protestatur
1065 1375 1193 1435 dicens:
1221 1374 1296 1455 qais
1321 1374 1412 1435 sz'car
1435 1373 1521 1432 lla-10
1567 1367 1569 1450 l

253 1476 360 1537 rrriaas
376 1478 465 1539 Deris
489 1489 600 1551 aester,
624 1480 681 1561 qai
702 1480 736 1541 ia
753 1480 832 1541 altis
846 1479 979 1552 ararat,
1003 1491 1034 1541 et
1047 1479 1187 1542 lrrrrnilia
1204 1481 1341 1561 respicit
1356 1481 1393 1541 irr
1411 1478 1495 1540 caela
1567 1455 1569 1542 l

258 1594 288 1644 et
309 1585 343 1645 ire
368 1595 461 1648 terra.
493 1588 564 1667 ipse
587 1608 743 1668 namque,
776 1589 831 1668 qui
854 1586 1048 1649 fortissimus
1072 1579 1215 1649 uirorum
1239 1590 1355 1650 dictus
1380 1586 1493 1656 fuerat,
1567 1559 1569 1680 l

252 1691 337 1755 hane
368 1694 507 1755 eandem
537 1693 759 1755 fortitudinem
784 1696 961 1777 praecipue
984 1696 1017 1755 in
1040 1693 1222 1756 humilitate
1246 1694 1429 1756 fundatam
1452 1715 1491 1755 ex
1567 1709 1569 1778 ξ

252 1800 529 1882 consequentibus
547 1801 700 1864 declarat.
719 1803 866 1882 quicum
884 1802 988 1863 laudis
1005 1822 1082 1863 suae
1099 1803 1317 1882 praeconium
1337 1802 1489 1863 audisset

251 1917 350 1989 atque
375 1930 394 1970 a
418 1909 563 1971 Domino
588 1910 744 1972 uictoriae
769 1910 998 1971 certitudinem
1023 1910 1206 1991 accepisset
1229 1910 1384 1971 dicente:
1416 1910 1512 1970 scias
1567 1911 1569 1934 “

250 2014 337 2096 qaod
358 2016 500 2077 rrrrserr'rrr
525 2028 560 2089 te,
586 2016 742 2078 continuo
767 2016 954 2097 respondit:
978 2015 1108 2086 obsecra,
1132 2016 1271 2078 Darar'ae
1294 2018 1354 2088 mi,
1380 2018 1416 2078 ia
1432 2037 1489 2097 qur

250 2120 388 2183 liberabo
412 2124 518 2185 lsrael
523 2126 538 2185 r*
570 2144 637 2185 erce
651 2123 792 2205 sarrrilia
815 2143 887 2184 rara
911 2123 1026 2204 infima
1049 2123 1152 2184 estin
1175 2123 1352 2197 Marassa,
1384 2136 1417 2186 et
1437 2145 1489 2202 ega
1567 2105 1569 2110 ⁵

250 2229 403 2291 raiairnres
426 2232 460 2291 irr
484 2231 576 2293 darae
592 2232 702 2312 patris
725 2231 794 2291 rari.
818 2230 860 2291 ab
885 2230 1004 2310 angelo
1028 2230 1187 2292 salutatus
1204 2240 1237 2292 et
1261 2230 1421 2294 laudatus
1447 2230 1485 2291 ad

250 2338 464 2399 obtinendam
489 2358 532 2399 ex
556 2336 707 2399 hostibus
731 2338 902 2399 uictoriam
926 2337 1090 2416 dirigitur,
1113 2346 1146 2399 et
1170 2346 1282 2400 tamen
1308 2341 1486 2410 minimum,

252 2467 287 2507 se
312 2454 344 2506 et
369 2465 412 2505 ex
436 2444 555 2507 infimis
579 2453 686 2506 ortum
711 2443 902 2527 parentibus
926 2442 1107 2526 profitetur.
1132 2447 1250 2507 merito
1271 2446 1378 2528 igitur
1393 2464 1483 2526 ange-
1494 2461 1516 2484 ²⁰

250 2552 356 2615 lorum
388 2551 616 2615 confabulator
647 2561 679 2612 et
711 2552 896 2612 dominicae
929 2551 1112 2612 usitationis
1136 2562 1315 2635 susceptor
1340 2553 1481 2621 efficitur,

250 2665 323 2744 ipso
341 2661 486 2722 Domino
511 2658 693 2721 affirmante
718 2667 751 2719 et
775 2659 924 2720 dicentes
948 2677 1046 2738 super
1069 2679 1159 2738 quem
1182 2681 1257 2721 aero
1279 2662 1481 2743 requiescam,

250 2770 320 2831 nisi.
338 2789 437 2850 super
461 2767 615 2828 humilem
641 2775 674 2828 et
698 2767 854 2846 quietum,
877 2775 908 2825 et
929 2774 1107 2826 trementem
1130 2786 1292 2829 sermones
1316 2769 1428 2831 arros?
1454 2793 1457 2798 ·

643 2996 955 3089 cnrrrvsvn
977 2997 1095 3060 vnn.

692 3145 781 3203 Item
805 3144 897 3204 unde
920 3160 1038 3219 supra.
1490 3159 1506 3194 νε

355 3302 431 3367 Non
455 3303 607 3366 inmerito
631 3304 672 3364 ad
699 3302 997 3364 considerationem
1021 3299 1179 3382 praeclari
1203 3301 1296 3363 ducis
1318 3311 1352 3364 et
1369 3297 1482 3362 iudicis
1567 3310 1568 3387 l

251 3411 417 3473 Gedeonis
441 3421 491 3487 te,
522 3420 618 3494 pater
648 3411 850 3485 uenerande,
882 3409 1067 3491 specialiter
1097 3408 1330 3484 inuitaueram‚
1361 3411 1394 3470 in
1419 3421 1482 3486 quo

248 3528 374 3580 tantam
399 3520 573 3600 insignium
598 3517 828 3600 exemplorum
853 3517 1056 3598 repperimus
1079 3515 1217 3597 copiam.
1243 3515 1319 3596 quia
1336 3515 1424 3576 enim
1442 3509 1481 3572 ad

249 3627 493 3707 suscipiendum
517 3625 672 3687 dilectum
697 3644 860 3686 exornare
881 3623 1105 3685 desideramus
1122 3621 1233 3683 cordis
1247 3619 1479 3691 habitaculum,

248 3735 433 3794 necessario
447 3734 709 3813 quaerendarum
722 3732 818 3820 nobis
830 3729 988 3793 incumbit
1002 3728 1170 3809 diligentia
1179 3728 1343 3790 uirtutum.
1358 3741 1480 3788 uacuos
1488 3747 1509 3783 r
1567 3709 1569 3776 ἶ

249 3841 334 3901 enim
367 3849 400 3901 et
429 3842 555 3902 otiosos
587 3839 724 3913 deserit,
759 3837 983 3901 laborantibus
1013 3835 1157 3914 benigno
1188 3833 1300 3896 fauore
1330 3831 1476 3896 occurrit.

248 3947 396 4029 proinde,
424 3967 509 4028 quae
533 3946 663 4009 residua
686 3946 738 4008 hic
763 3945 924 4017 uidentur,
949 3962 1015 4022 quo
1040 3940 1209 4021 coepimus
1234 3941 1346 4002 studio
1370 3956 1478 4022 prose·

247 4073 401 4135 quamur,
433 4075 472 4115 ea
496 4055 687 4128 dumtaxat,
722 4073 806 4133 quae
832 4060 865 4112 et
889 4049 1045 4111 materiae
1069 4055 1202 4108 nostrae
1222 4053 1420 4129 congruant,
1444 4048 1475 4101 et

248 4163 362 4223 uirium
387 4177 571 4223 mensuram
596 4181 663 4222 non
687 4157 862 4221 excedant.

325 4317 327 4320 ·
354 4301 383 4352 o:
400 4303 445 4362 Ex,
467 4315 508 4364 32.
530 4315 571 4364 31,
592 4318 628 4366 sq.
649 4329 684 4338 —-
706 4314 745 4349 10.
765 4301 823 4364 Jud,
844 4295 868 4360 6,
893 4299 931 4358 ll.
950 4325 986 4331 -
1008 4309 1047 4346 12.
1068 4297 1107 4345 Ps.
1126 4309 1181 4359 112,
1204 4307 1225 4360 5.
1244 4313 1280 4362 sq.
1301 4325 1337 4332 -
1359 4293 1397 4343 18.
1417 4286 1473 4354 Juds
1549 4286 1551 4289 ’

248 4390 271 4454 b,
296 4406 334 4454 14.
355 4409 391 4457 sq.
411 4415 446 4428 -ε
466 4405 507 4454 23.
528 4389 602 4440 Cani.
623 4392 656 4439 Is,
677 4387 718 4450 ὁὸ,
740 4403 763 4438 2.
