3167 5025
1215 256 1285 338 L11'5

45 458 157 530 cuius
185 457 419 540 expectatione
447 456 617 539 psalmista
640 458 673 518 in
695 477 755 540 spe
779 455 1007 537 gratulabatur
1028 457 1157 519 dicens:
1188 461 1288 536 qnam

36 564 138 646 petiz·
159 586 183 626 a
206 564 363 636 Domino,
392 563 478 626 hanc
502 565 682 647 requiram,
712 574 750 626 ut
769 563 944 627 inhabitem
974 564 1009 626 in
1038 563 1131 626 domo
1153 563 1290 626 Domini

43 671 210 736 omnibus
239 671 349 734 dz'ebus
363 672 460 739 ,uitae
490 693 586 734 meae.
620 672 775 753 quocirca
807 691 878 748 nos,
912 672 969 753 qui
999 670 1142 733 iucunda
1173 691 1286 736 eorum

46 799 258 843 ueneramur
280 778 458 855 sollemnia,
482 786 615 842 sanctae
638 777 847 842 fraternitatis
870 777 1081 842 informemur
1101 779 1287 854 concordia,

27 888 253 970 spudeatque
285 888 318 950 in
351 907 434 969 pace
466 906 554 949 nunc
584 885 742 949 ecclesiae
774 906 892 969 pacem
924 906 998 949 cum
1029 887 1189 968 proximis
1219 905 1287 948 non

57 995 202 1070 habere,
232 1014 331 1074 quam
354 995 387 1056 in
409 993 471 1056 illis
493 1015 554 1057 nec
582 994 818 1076 persecutionis
843 994 939 1056 turbo
963 992 1063 1056 ualuit
1086 993 1285 1076 perturbare.

52 1103 102 1166 illi
133 1104 221 1164 inter
251 1103 381 1184 gladios
412 1101 595 1183 diligebant
623 1102 788 1176 inimicOS,
819 1122 881 1164 nos
904 1102 936 1164 in
960 1100 1194 1183 tranquillitate
1224 1121 1285 1166 nec

52 1213 151 1292 ipsos
184 1230 265 1291 pure
289 1210 516 1292 amplectimur
539 1210 670 1272 amicos
703 1209 857 1292 quicquid
880 1210 981 1290 igitur
1010 1217 1061 1272 est
1091 1208 1286 1285 offendiculi,

52 1339 127 1400 quo
152 1318 268 1381 unicus
291 1317 343 1380 ille
366 1316 528 1380 fraternae
553 1318 696 1380 caritatis
720 1318 884 1380 sauciatur
907 1317 1052 1392 affectus,
1075 1316 1287 1380 reconciliato

20 1449 46 1473 10
55 1425 202 1488 foedere
220 1445 387 1499 curemuS‚
420 1435 455 1488 ut
478 1433 512 1486 et
535 1405 699 1486 seruitutis
722 1433 855 1486 nostrae
879 1433 1017 1507 accepta
1040 1425 1081 1487 sit
1104 1423 1229 1487 oblatio
1252 1434 1286 1486 et

53 1535 114 1615 pia
144 1534 336 1594 sanctorum
368 1540 550 1613 martyrum
580 1553 642 1614 pro
672 1531 768 1594 nobis
791 1532 987 1594 exaudiatur
1010 1533 1116 1595 oratio
1139 1552 1199 1614 per
1221 1552 1285 1594 me·

44 1642 223 1712 ⁴diatorem
242 1640 306 1703 Dei
329 1649 362 1702 et
386 1639 554 1704 hominum
570 1638 734 1703 Christum
749 1639 867 1715 Iesum,
890 1639 941 1702 cui
965 1639 1007 1702 sit
1030 1637 1101 1702 laus
1124 1648 1157 1704 et
1180 1637 1286 1722 gloria

52 1769 118 1832 per
139 1745 270 1811 infinita
291 1747 505 1812 saeculorum.
549 1747 669 1810 Amen.

630 1979 716 2042 1111.

483 2123 589 2200 (Item
613 2125 705 2185 unde
728 2125 863 2202 supra.)

162 2284 277 2346 Adest
299 2284 410 2358 nobiS,
433 2283 646 2357 dilectissimi,
673 2284 744 2346 dies
768 2283 921 2367 optabilis
946 2292 979 2345 et
1001 2282 1188 2365 triumphali
1211 2283 1284 2345 bea·

68 2400 164 2454 torum
190 2399 375 2471 martyrum
398 2392 558 2472 sanguine
581 2390 783 2467 uenerabilis,
808 2413 873 2472 qua
896 2398 929 2452 et
952 2393 1054 2453 iustus
1078 2391 1237 2471 gloriatur
1251 2401 1285 2454 et

62 2509 216 2581 peccator
231 2497 405 2561 refouetur.
428 2499 462 2564 in
483 2506 672 2561 sanctorum
695 2520 839 2581 namque
860 2498 1053 2569 ¹celebritate
1076 2498 1166 2580 quod
1190 2520 1283 2562 suum

63 2618 113 2671 est
143 2617 283 2689 uterque
317 2607 457 2682 inuenit,
496 2607 552 2669 ubi
587 2616 622 2669 et
654 2608 758 2670 iustus
791 2607 923 2670 maioris
958 2607 1098 2669 iustitiae
1133 2608 1284 2687 agnoscit

38 2715 259 2798 20exemplum,
287 2722 443 2795 peccator
466 2734 545 2775 uero
569 2715 788 2777 necessarium
813 2713 929 2796 culpae
953 2713 1161 2797 amplectitur
1184 2734 1284 2777 reme·

71 2824 162 2884 dium.
196 2821 335 2905 proinde
366 2820 409 2883 ad
440 2809 671 2903 excipiendam
702 2822 885 2905 praesentis
916 2821 980 2884 diei
1010 2819 1165 2883 laetitiam
1193 2812 1284 2883 'com-

69 2932 167 2993 munis
188 2939 403 3009 utrorumque
427 2928 556 2991 uidetur
571 2930 772 3010 expectati0,
795 2927 872 2991 licet
895 2929 1007 3010 dispar
1029 2929 1070 2991 sit
1094 2928 1283 2991 meritorum

28 3069 31 3072 ·
61 3041 219 3114 condici0,
244 3060 319 3101 cum
342 3045 376 3100 et
399 3039 461 3100 iste
485 3039 527 3101 ad
547 3036 712 3120 perfectae
727 3036 893 3119 religionis
909 3036 1124 3099 imitationem
1139 3034 1284 3099 hilariter
1353 3096 1360 3103 .

54 3157 233 3231 properet,
262 3145 315 3208 ille
347 3154 457 3209 autem
486 3146 530 3208 ad
553 3146 667 3208 ueniae
691 3144 989 3207 reconciliationem
1012 3164 1072 3226 per
1095 3146 1282 3208 Sanctorum

26 3279 45 3314 τε
53 3256 214 3337 suffragia
237 3253 429 3336 suppliciter
453 3254 608 3336 adspiret.
631 3252 704 3315 talis
727 3260 778 3313 est
802 3251 888 3313 enim
904 3249 1083 3312 hodiernae
1099 3249 1282 3313 festiuitatis

52 3363 258 3435 iucunditaS,
288 3382 373 3443 quae
404 3379 471 3421 non
502 3359 608 3423 solum
635 3359 794 3422 intentam
818 3357 925 3420 facere
949 3358 1054 3440 possit
1076 3354 1220 3419 fidelium
1244 3379 1283 3421 ac

52 3474 171 3555 spiritu
196 3468 391 3531 feruentium
416 3468 701 3549 expectationem,
730 3467 789 3528 sed
814 3474 848 3527 et
871 3464 1069 3527 tardioribus
1100 3465 1282 3547 quibusque

53 3578 299 3661 promptiorem
322 3576 469 3639 excitare
493 3574 716 3637 deuotionem.
738 3582 867 3655 septem
892 3573 1015 3655 quippe
1038 3572 1156 3635 beatae
1173 3573 1283 3635 Felici·

53 3691 132 3751 tatis
165 3684 238 3758 frlii,
268 3684 323 3765 qui
355 3681 515 3763 martyrio
545 3701 610 3742 suo
636 3679 890 3743 sollemnitatem
904 3697 908 3703 ’
922 3680 1157 3745 dedicauerunt
1188 3678 1282 3743 huius

27 3797 128 3871 udiei,
153 3792 245 3855 uelut
268 3799 398 3874 septem
421 3788 591 3871 lampades
615 3796 692 3851 sunt
714 3788 869 3853 ardentes
892 3788 924 3849 in
942 3788 1282 3869 conspectu'Domini,

51 3903 201 3983 ideoque
232 3899 356 3964 diffusis
386 3896 486 3979 longe
519 3895 650 3976 lateque
673 3896 788 3970 radiis,
819 3896 897 3957 dum
921 3896 1102 3977 spatiosam
1126 3893 1281 3957 ecclesiae

52 4012 195 4073 domum
211 4006 390 4080 illustrant,
403 4006 502 4067 etiam
526 4002 822 4066 adolescentiorem
837 4000 927 4064 illum
943 4000 1051 4078 filium,
1065 4003 1130 4083 ¹qui
1144 4022 1281 4084 peregre

53 4117 226 4198 profectus
249 4122 299 4176 est
322 4114 356 4176 in
378 4114 548 4194 regionem
571 4111 793 4193 longinquam,
817 4110 896 4173 data
912 4112 1084 4193 patrocinii
1100 4111 1149 4173 sui
1164 4109 1283 4172 fiducia

165 4288 190 4338 3.
210 4276 250 4325 Ps.
270 4271 313 4336 26,
331 4290 357 4336 4.
376 4302 411 4309 -
434 4285 472 4335 13.
492 4272 550 4322 fort.
570 4277 631 4322 scr.':
649 4273 747 4320 saeculo
765 4272 927 4321 saeculorum.
947 4300 983 4307 —-
1005 4282 1045 4335 15.Ι
1061 4272 1132 4319 Haec
1151 4270 1281 4333 inscriptio

55 4366 159 4416 incod.
179 4366 264 4424 deest;
284 4365 329 4414 sed
347 4379 424 4412 uoces
442 4364 518 4411 Adest
533 4364 599 4411 miri
617 4362 707 4412 litteris
725 4359 869 4410 maiusculis
889 4360 997 4425 scriptae
1016 4368 1041 4410 et
1060 4360 1084 4407 A
1101 4360 1185 4409 littera
1204 4358 1281 4407 rubro

57 4455 142 4505 colore
162 4455 230 4519 picta
248 4455 358 4517 indicant
377 4452 488 4517 incipere
507 4452 566 4501 hinc
584 4468 679 4516 nouum
698 4466 850 4503 sermonem.

1103 4480 1167 4587 8*ι
