<?xml version="1.0" encoding="UTF-8"?>
<!DOCTYPE html PUBLIC "-//W3C//DTD XHTML 1.0 Transitional//EN"
    "http://www.w3.org/TR/xhtml1/DTD/xhtml1-transitional.dtd">
<html xmlns="http://www.w3.org/1999/xhtml" xml:lang="en" lang="en">
 <head>
  <title>
</title>
<meta http-equiv="Content-Type" content="text/html;charset=utf-8" />
  <meta name='ocr-system' content='tesseract 3.04.00' />
  <meta name='ocr-capabilities' content='ocr_page ocr_carea ocr_par ocr_line ocrx_word'/>
</head>
<body>
  <div class='ocr_page' id='page_1' title='image "./tutonismonachio00rubagoog_0131.png"; bbox 0 0 3167 5025; ppageno 0'>
   <div class='ocr_carea' id='block_1_1' title="bbox 1246 239 1306 304">
    <p class='ocr_par' dir='ltr' id='par_1_1' title="bbox 1246 239 1306 304">
     <span class='ocr_line' id='line_1_1' title="bbox 1246 239 1306 304; baseline -0.067 -15"><span class='ocrx_word' id='word_1_1' title='bbox 1246 239 1306 304; x_wconf 80' lang='lat'><strong>109</strong></span> 
     </span>
    </p>
   </div>
   <div class='ocr_carea' id='block_1_2' title="bbox 46 423 1311 4267">
    <p class='ocr_par' dir='ltr' id='par_1_2' title="bbox 47 423 1311 4053">
     <span class='ocr_line' id='line_1_2' title="bbox 72 423 1306 510; baseline -0.004 -22"><span class='ocrx_word' id='word_1_2' title='bbox 72 428 157 510; x_wconf 82' lang='lat' dir='ltr'><strong>quia</strong></span> <span class='ocrx_word' id='word_1_3' title='bbox 188 438 219 488; x_wconf 80' lang='lat' dir='ltr'><strong>et</strong></span> <span class='ocrx_word' id='word_1_4' title='bbox 240 449 261 488; x_wconf 91' lang='lat' dir='ltr'><strong>a</strong></span> <span class='ocrx_word' id='word_1_5' title='bbox 285 424 419 488; x_wconf 81' lang='lat' dir='ltr'><em>mortuis</em></span> <span class='ocrx_word' id='word_1_6' title='bbox 447 426 601 488; x_wconf 79' lang='lat' dir='ltr'><strong>suscitare</strong></span> <span class='ocrx_word' id='word_1_7' title='bbox 624 437 737 507; x_wconf 79' lang='lat' dir='ltr'><strong>pateas</strong></span> <span class='ocrx_word' id='word_1_8' title='bbox 766 437 813 488; x_wconf 80' lang='lat' dir='ltr'><strong>est</strong></span> <span class='ocrx_word' id='word_1_9' title='bbox 834 426 930 487; x_wconf 73' lang='lat' dir='ltr'><strong>Deua</strong></span> <span class='ocrx_word' id='word_1_10' title='bbox 962 434 995 487; x_wconf 91' lang='lat' dir='ltr'><strong>et</strong></span> <span class='ocrx_word' id='word_1_11' title='bbox 1027 423 1078 486; x_wconf 93' lang='lat' dir='ltr'><strong>ille</strong></span> <span class='ocrx_word' id='word_1_12' title='bbox 1111 423 1242 504; x_wconf 88' lang='lat' dir='ltr'><strong>quidem</strong></span> <span class='ocrx_word' id='word_1_13' title='bbox 1274 423 1306 484; x_wconf 93' lang='lat' dir='ltr'><strong>in</strong></span> 
     </span>
     <span class='ocr_line' id='line_1_3' title="bbox 75 532 1306 616; baseline -0.006 -18"><span class='ocrx_word' id='word_1_14' title='bbox 75 535 187 616; x_wconf 87' lang='lat' dir='ltr'><strong>figura</strong></span> <span class='ocrx_word' id='word_1_15' title='bbox 211 535 329 598; x_wconf 89' lang='lat' dir='ltr'><strong>summi</strong></span> <span class='ocrx_word' id='word_1_16' title='bbox 351 534 455 614; x_wconf 86' lang='lat' dir='ltr'><strong>patris</strong></span> <span class='ocrx_word' id='word_1_17' title='bbox 478 533 679 613; x_wconf 84' lang='lat' dir='ltr'><strong>unigenitum</strong></span> <span class='ocrx_word' id='word_1_18' title='bbox 704 532 831 607; x_wconf 92' lang='lat' dir='ltr'><strong>obtulit,</strong></span> <span class='ocrx_word' id='word_1_19' title='bbox 856 533 897 595; x_wconf 91' lang='lat' dir='ltr'><strong>de</strong></span> <span class='ocrx_word' id='word_1_20' title='bbox 922 533 1099 614; x_wconf 77' lang='lat' dir='ltr'><strong>sponsione</strong></span> <span class='ocrx_word' id='word_1_21' title='bbox 1123 550 1306 614; x_wconf 85' lang='lat' dir='ltr'><strong>propagan-</strong></span> 
     </span>
     <span class='ocr_line' id='line_1_4' title="bbox 73 640 1306 724; baseline -0.002 -21"><span class='ocrx_word' id='word_1_22' title='bbox 73 643 141 704; x_wconf 85' lang='lat' dir='ltr'><strong>dae</strong></span> <span class='ocrx_word' id='word_1_23' title='bbox 174 643 378 724; x_wconf 83' lang='lat' dir='ltr'><strong>posten&#39;tatis</strong></span> <span class='ocrx_word' id='word_1_24' title='bbox 409 640 486 703; x_wconf 86' lang='lat' dir='ltr'>nihil</span> <span class='ocrx_word' id='word_1_25' title='bbox 515 640 695 716; x_wconf 88' lang='lat' dir='ltr'><strong>haesitans,</strong></span> <span class='ocrx_word' id='word_1_26' title='bbox 726 642 879 704; x_wconf 83' lang='lat' dir='ltr'>Felicitas</span> <span class='ocrx_word' id='word_1_27' title='bbox 903 662 981 704; x_wconf 89' lang='lat' dir='ltr'><strong>uero</strong></span> <span class='ocrx_word' id='word_1_28' title='bbox 1005 661 1079 704; x_wconf 91' lang='lat' dir='ltr'><strong>cum</strong></span> <span class='ocrx_word' id='word_1_29' title='bbox 1102 649 1230 722; x_wconf 88' lang='lat' dir='ltr'><strong>septem</strong></span> <span class='ocrx_word' id='word_1_30' title='bbox 1254 661 1306 720; x_wconf 84' lang='lat' dir='ltr'><strong>ge·</strong></span> 
     </span>
     <span class='ocr_line' id='line_1_5' title="bbox 72 747 1307 832; baseline -0.003 -20"><span class='ocrx_word' id='word_1_31' title='bbox 72 751 222 824; x_wconf 81' lang='lat' dir='ltr'><strong>nuisset,</strong></span> <span class='ocrx_word' id='word_1_32' title='bbox 252 769 294 811; x_wconf 92' lang='lat' dir='ltr'><strong>ne</strong></span> <span class='ocrx_word' id='word_1_33' title='bbox 318 749 373 812; x_wconf 92' lang='lat' dir='ltr'><strong>uni</strong></span> <span class='ocrx_word' id='word_1_34' title='bbox 396 748 512 812; x_wconf 89' lang='lat' dir='ltr'><strong>saltem</strong></span> <span class='ocrx_word' id='word_1_35' title='bbox 536 771 595 832; x_wconf 91' lang='lat' dir='ltr'><strong>spe</strong></span> <span class='ocrx_word' id='word_1_36' title='bbox 618 751 820 812; x_wconf 88' lang='lat' dir='ltr'><strong>instaurandi</strong></span> <span class='ocrx_word' id='word_1_37' title='bbox 844 751 973 830; x_wconf 85' lang='lat' dir='ltr'><strong>generis</strong></span> <span class='ocrx_word' id='word_1_38' title='bbox 997 750 1160 831; x_wconf 84' lang='lat' dir='ltr'>pepercit,</span> <span class='ocrx_word' id='word_1_39' title='bbox 1192 749 1250 810; x_wconf 90' lang='lat' dir='ltr'><strong>sed</strong></span> <span class='ocrx_word' id='word_1_40' title='bbox 1274 747 1307 808; x_wconf 92' lang='lat' dir='ltr'><strong>in</strong></span> 
     </span>
     <span class='ocr_line' id='line_1_6' title="bbox 56 856 1307 938; baseline 0.001 -23"><span class='ocrx_word' id='word_1_41' title='bbox 56 856 288 921; x_wconf 77' lang='lat' dir='ltr'><strong>sconfessione</strong></span> <span class='ocrx_word' id='word_1_42' title='bbox 320 857 477 938; x_wconf 85' lang='lat' dir='ltr'><strong>unigeniti</strong></span> <span class='ocrx_word' id='word_1_43' title='bbox 501 857 564 920; x_wconf 90' lang='lat' dir='ltr'><strong>Dei</strong></span> <span class='ocrx_word' id='word_1_44' title='bbox 595 857 683 920; x_wconf 88' lang='lat' dir='ltr'><strong>uelut</strong></span> <span class='ocrx_word' id='word_1_45' title='bbox 714 878 814 919; x_wconf 91' lang='lat' dir='ltr'><strong>unum</strong></span> <span class='ocrx_word' id='word_1_46' title='bbox 839 879 881 920; x_wconf 89' lang='lat' dir='ltr'><strong>ex</strong></span> <span class='ocrx_word' id='word_1_47' title='bbox 905 858 1057 920; x_wconf 90' lang='lat' dir='ltr'><strong>omnibus</strong></span> <span class='ocrx_word' id='word_1_48' title='bbox 1080 856 1307 918; x_wconf 88' lang='lat' dir='ltr'><strong>holocaustum</strong></span> 
     </span>
     <span class='ocr_line' id='line_1_7' title="bbox 78 962 1307 1045; baseline -0.002 -19"><span class='ocrx_word' id='word_1_49' title='bbox 78 964 163 1026; x_wconf 89' lang='lat' dir='ltr'><strong>lecit.</strong></span> <span class='ocrx_word' id='word_1_50' title='bbox 189 964 242 1026; x_wconf 91' lang='lat' dir='ltr'><strong>ille</strong></span> <span class='ocrx_word' id='word_1_51' title='bbox 266 985 328 1045; x_wconf 90' lang='lat' dir='ltr'><strong>pro</strong></span> <span class='ocrx_word' id='word_1_52' title='bbox 352 963 520 1026; x_wconf 90' lang='lat' dir='ltr'><strong>oblatione</strong></span> <span class='ocrx_word' id='word_1_53' title='bbox 543 962 597 1026; x_wconf 88' lang='lat' dir='ltr'><strong>filii</strong></span> <span class='ocrx_word' id='word_1_54' title='bbox 617 964 881 1027; x_wconf 87' lang='lat' dir='ltr'><strong>benedictionem</strong></span> <span class='ocrx_word' id='word_1_55' title='bbox 899 973 1094 1026; x_wconf 88' lang='lat' dir='ltr'><strong>consecutus</strong></span> <span class='ocrx_word' id='word_1_56' title='bbox 1111 973 1161 1026; x_wconf 89' lang='lat' dir='ltr'><strong>est</strong></span> <span class='ocrx_word' id='word_1_57' title='bbox 1178 964 1307 1026; x_wconf 80' lang='lat' dir='ltr'><strong>dicente</strong></span> 
     </span>
     <span class='ocr_line' id='line_1_8' title="bbox 78 1071 1307 1153; baseline -0.002 -21"><span class='ocrx_word' id='word_1_58' title='bbox 78 1073 244 1134; x_wconf 88' lang='lat' dir='ltr'><strong>Domino:</strong></span> <span class='ocrx_word' id='word_1_59' title='bbox 271 1083 333 1153; x_wconf 78' lang='lat' dir='ltr'><strong>per</strong></span> <span class='ocrx_word' id='word_1_60' title='bbox 353 1072 570 1152; x_wconf 80' lang='lat' dir='ltr'><strong>memetipsum</strong></span> <span class='ocrx_word' id='word_1_61' title='bbox 594 1071 723 1134; x_wconf 82' lang='lat' dir='ltr'><strong>iuraui:</strong></span> <span class='ocrx_word' id='word_1_62' title='bbox 750 1072 829 1153; x_wconf 84' lang='lat' dir='ltr'><strong>quia</strong></span> <span class='ocrx_word' id='word_1_63' title='bbox 845 1071 960 1152; x_wconf 73' lang='lat' dir='ltr'><strong>fecisti</strong></span> <span class='ocrx_word' id='word_1_64' title='bbox 980 1093 1046 1133; x_wconf 82' lang='lat' dir='ltr'><strong>rem</strong></span> <span class='ocrx_word' id='word_1_65' title='bbox 1070 1071 1169 1142; x_wconf 74' lang='lat' dir='ltr'><strong>hanc,</strong></span> <span class='ocrx_word' id='word_1_66' title='bbox 1194 1081 1224 1132; x_wconf 80' lang='lat' dir='ltr'><strong>et</strong></span> <span class='ocrx_word' id='word_1_67' title='bbox 1245 1091 1307 1131; x_wconf 86' lang='lat' dir='ltr'><strong>aaa</strong></span> 
     </span>
     <span class='ocr_line' id='line_1_9' title="bbox 69 1178 1307 1262; baseline 0.001 -23"><span class='ocrx_word' id='word_1_68' title='bbox 69 1179 249 1260; x_wconf 65' lang='lat' dir='ltr'><strong>pepercisti</strong></span> <span class='ocrx_word' id='word_1_69' title='bbox 261 1178 340 1261; x_wconf 83' lang='lat' dir='ltr'><strong>filia</strong></span> <span class='ocrx_word' id='word_1_70' title='bbox 362 1188 415 1240; x_wconf 83' lang='lat' dir='ltr'><strong>tua</strong></span> <span class='ocrx_word' id='word_1_71' title='bbox 431 1179 611 1260; x_wconf 63' lang='lat' dir='ltr'><strong>rantgem‘to:</strong></span> <span class='ocrx_word' id='word_1_72' title='bbox 635 1178 815 1240; x_wconf 80' lang='lat' dir='ltr'><strong>benedicam</strong></span> <span class='ocrx_word' id='word_1_73' title='bbox 832 1179 897 1251; x_wconf 71' lang='lat' dir='ltr'><strong>tibi,</strong></span> <span class='ocrx_word' id='word_1_74' title='bbox 921 1190 952 1241; x_wconf 85' lang='lat' dir='ltr'><strong>et</strong></span> <span class='ocrx_word' id='word_1_75' title='bbox 966 1178 1184 1262; x_wconf 80' lang='lat' dir='ltr'><strong>multiplicabo</strong></span> <span class='ocrx_word' id='word_1_76' title='bbox 1204 1193 1307 1240; x_wconf 79' lang='lat' dir='ltr'><strong>semea</strong></span> 
     </span>
     <span class='ocr_line' id='line_1_10' title="bbox 74 1285 1307 1368; baseline -0.002 -21"><span class='ocrx_word' id='word_1_77' title='bbox 74 1298 169 1348; x_wconf 84' lang='lat' dir='ltr'><strong>raam</strong></span> <span class='ocrx_word' id='word_1_78' title='bbox 194 1285 279 1349; x_wconf 83' lang='lat' dir='ltr'><strong>sicut</strong></span> <span class='ocrx_word' id='word_1_79' title='bbox 300 1285 412 1349; x_wconf 83' lang='lat' dir='ltr'><strong>stellas</strong></span> <span class='ocrx_word' id='word_1_80' title='bbox 434 1286 524 1357; x_wconf 82' lang='lat' dir='ltr'><strong>caeli,</strong></span> <span class='ocrx_word' id='word_1_81' title='bbox 546 1296 577 1348; x_wconf 84' lang='lat' dir='ltr'><strong>et</strong></span> <span class='ocrx_word' id='word_1_82' title='bbox 597 1286 681 1348; x_wconf 84' lang='lat' dir='ltr'><strong>sicut</strong></span> <span class='ocrx_word' id='word_1_83' title='bbox 702 1307 836 1348; x_wconf 83' lang='lat' dir='ltr'><strong>arenam</strong></span> <span class='ocrx_word' id='word_1_84' title='bbox 859 1307 940 1368; x_wconf 86' lang='lat' dir='ltr'><strong>quae</strong></span> <span class='ocrx_word' id='word_1_85' title='bbox 962 1295 1009 1348; x_wconf 76' lang='lat' dir='ltr'><strong>est</strong></span> <span class='ocrx_word' id='word_1_86' title='bbox 1031 1285 1175 1348; x_wconf 78' lang='lat' dir='ltr'><strong>inlitora</strong></span> <span class='ocrx_word' id='word_1_87' title='bbox 1198 1285 1307 1346; x_wconf 72' lang='lat' dir='ltr'><strong>marii.</strong></span> 
     </span>
     <span class='ocr_line' id='line_1_11' title="bbox 47 1392 1308 1476; baseline -0.002 -20"><span class='ocrx_word' id='word_1_88' title='bbox 47 1419 67 1442; x_wconf 84' lang='lat'><strong>10</strong></span> <span class='ocrx_word' id='word_1_89' title='bbox 75 1395 116 1456; x_wconf 92' lang='lat' dir='ltr'><strong>de</strong></span> <span class='ocrx_word' id='word_1_90' title='bbox 152 1395 228 1475; x_wconf 89' lang='lat' dir='ltr'><strong>ipsa</strong></span> <span class='ocrx_word' id='word_1_91' title='bbox 259 1412 390 1475; x_wconf 88' lang='lat' dir='ltr'><strong>quoque</strong></span> <span class='ocrx_word' id='word_1_92' title='bbox 419 1393 606 1456; x_wconf 85' lang='lat' dir='ltr'><strong>benedictio</strong></span> <span class='ocrx_word' id='word_1_93' title='bbox 628 1392 683 1456; x_wconf 91' lang='lat' dir='ltr'><strong>illa</strong></span> <span class='ocrx_word' id='word_1_94' title='bbox 706 1394 939 1456; x_wconf 88' lang='lat' dir='ltr'><strong>conuenienter</strong></span> <span class='ocrx_word' id='word_1_95' title='bbox 962 1394 1066 1476; x_wconf 87' lang='lat' dir='ltr'><strong>accipi</strong></span> <span class='ocrx_word' id='word_1_96' title='bbox 1090 1401 1200 1474; x_wconf 90' lang='lat' dir='ltr'><strong>potest</strong></span> <span class='ocrx_word' id='word_1_97' title='bbox 1225 1410 1308 1474; x_wconf 87' lang='lat' dir='ltr'><strong>quae</strong></span> 
     </span>
     <span class='ocr_line' id='line_1_12' title="bbox 73 1500 1308 1584; baseline 0 -22"><span class='ocrx_word' id='word_1_98' title='bbox 73 1502 192 1562; x_wconf 91' lang='lat' dir='ltr'><strong>diuina</strong></span> <span class='ocrx_word' id='word_1_99' title='bbox 208 1521 291 1563; x_wconf 89' lang='lat' dir='ltr'><strong>uoce</strong></span> <span class='ocrx_word' id='word_1_100' title='bbox 308 1502 522 1584; x_wconf 86' lang='lat' dir='ltr'><strong>promittitur:</strong></span> <span class='ocrx_word' id='word_1_101' title='bbox 546 1500 682 1564; x_wconf 73' lang='lat' dir='ltr'><strong>arduam</strong></span> <span class='ocrx_word' id='word_1_102' title='bbox 698 1501 767 1564; x_wconf 81' lang='lat' dir='ltr'><strong>eius</strong></span> <span class='ocrx_word' id='word_1_103' title='bbox 782 1501 963 1564; x_wconf 81' lang='lat' dir='ltr'><strong>benedicens</strong></span> <span class='ocrx_word' id='word_1_104' title='bbox 979 1501 1168 1564; x_wconf 67' lang='lat' dir='ltr'><strong>benedicam.</strong></span> <span class='ocrx_word' id='word_1_105' title='bbox 1193 1502 1308 1562; x_wconf 90' lang='lat' dir='ltr'><strong>merito</strong></span> 
     </span>
     <span class='ocr_line' id='line_1_13' title="bbox 75 1608 1309 1690; baseline -0.002 -19"><span class='ocrx_word' id='word_1_106' title='bbox 75 1611 165 1672; x_wconf 84' lang='lat' dir='ltr'><strong>enim</strong></span> <span class='ocrx_word' id='word_1_107' title='bbox 192 1609 283 1672; x_wconf 90' lang='lat' dir='ltr'><strong>omni</strong></span> <span class='ocrx_word' id='word_1_108' title='bbox 306 1609 534 1672; x_wconf 88' lang='lat' dir='ltr'><strong>benedictione</strong></span> <span class='ocrx_word' id='word_1_109' title='bbox 556 1608 713 1690; x_wconf 84' lang='lat' dir='ltr'><strong>spirituali</strong></span> <span class='ocrx_word' id='word_1_110' title='bbox 728 1609 761 1671; x_wconf 92' lang='lat' dir='ltr'><strong>in</strong></span> <span class='ocrx_word' id='word_1_111' title='bbox 777 1608 973 1672; x_wconf 90' lang='lat' dir='ltr'><strong>caelestibus</strong></span> <span class='ocrx_word' id='word_1_112' title='bbox 989 1609 1201 1683; x_wconf 89' lang='lat' dir='ltr'><strong>benedicitur,</strong></span> <span class='ocrx_word' id='word_1_113' title='bbox 1226 1627 1309 1688; x_wconf 90' lang='lat' dir='ltr'><strong>quae</strong></span> 
     </span>
     <span class='ocr_line' id='line_1_14' title="bbox 75 1714 1309 1797; baseline -0.002 -19"><span class='ocrx_word' id='word_1_114' title='bbox 75 1715 168 1778; x_wconf 91' lang='lat' dir='ltr'><strong>nullo</strong></span> <span class='ocrx_word' id='word_1_115' title='bbox 194 1716 400 1777; x_wconf 85' lang='lat' dir='ltr'><strong>transitoriae</strong></span> <span class='ocrx_word' id='word_1_116' title='bbox 416 1715 594 1797; x_wconf 90' lang='lat' dir='ltr'><strong>voluptatis</strong></span> <span class='ocrx_word' id='word_1_117' title='bbox 610 1714 730 1778; x_wconf 90' lang='lat' dir='ltr'><strong>solatio</strong></span> <span class='ocrx_word' id='word_1_118' title='bbox 751 1715 888 1792; x_wconf 84' lang='lat' dir='ltr'><strong>sonetur,</strong></span> <span class='ocrx_word' id='word_1_119' title='bbox 912 1717 1013 1778; x_wconf 90' lang='lat' dir='ltr'><strong>immo</strong></span> <span class='ocrx_word' id='word_1_120' title='bbox 1030 1725 1062 1778; x_wconf 89' lang='lat' dir='ltr'><strong>et</strong></span> <span class='ocrx_word' id='word_1_121' title='bbox 1078 1716 1173 1778; x_wconf 86' lang='lat' dir='ltr'><strong>licitis</strong></span> <span class='ocrx_word' id='word_1_122' title='bbox 1189 1724 1309 1796; x_wconf 89' lang='lat' dir='ltr'><strong>sponte</strong></span> 
     </span>
     <span class='ocr_line' id='line_1_15' title="bbox 76 1821 1308 1908; baseline -0.002 -23"><span class='ocrx_word' id='word_1_123' title='bbox 76 1823 277 1886; x_wconf 86' lang='lat' dir='ltr'><strong>destituitur.</strong></span> <span class='ocrx_word' id='word_1_124' title='bbox 313 1842 373 1884; x_wconf 90' lang='lat' dir='ltr'><strong>nec</strong></span> <span class='ocrx_word' id='word_1_125' title='bbox 405 1824 587 1904; x_wconf 91' lang='lat' dir='ltr'><strong>putandum</strong></span> <span class='ocrx_word' id='word_1_126' title='bbox 621 1822 711 1908; x_wconf 91' lang='lat' dir='ltr'><strong>quod</strong></span> <span class='ocrx_word' id='word_1_127' title='bbox 745 1844 804 1904; x_wconf 88' lang='lat' dir='ltr'><strong>per</strong></span> <span class='ocrx_word' id='word_1_128' title='bbox 837 1823 1053 1905; x_wconf 89' lang='lat' dir='ltr'><strong>temporalem</strong></span> <span class='ocrx_word' id='word_1_129' title='bbox 1086 1823 1224 1885; x_wconf 89' lang='lat' dir='ltr'><strong>filiorum</strong></span> <span class='ocrx_word' id='word_1_130' title='bbox 1257 1821 1308 1884; x_wconf 90' lang='lat' dir='ltr'><strong>vel</strong></span> 
     </span>
     <span class='ocr_line' id='line_1_16' title="bbox 48 1931 1308 2012; baseline -0.004 -17"><span class='ocrx_word' id='word_1_131' title='bbox 48 1951 173 1995; x_wconf 66' lang='lat' dir='ltr'><strong>usuam</strong></span> <span class='ocrx_word' id='word_1_132' title='bbox 199 1938 341 1992; x_wconf 90' lang='lat' dir='ltr'><strong>mortem</strong></span> <span class='ocrx_word' id='word_1_133' title='bbox 365 1939 533 2011; x_wconf 84' lang='lat' dir='ltr'><strong>tamquam</strong></span> <span class='ocrx_word' id='word_1_134' title='bbox 557 1932 684 1992; x_wconf 89' lang='lat' dir='ltr'><strong>succisa</strong></span> <span class='ocrx_word' id='word_1_135' title='bbox 714 1931 823 1992; x_wconf 92' lang='lat' dir='ltr'><strong>radice</strong></span> <span class='ocrx_word' id='word_1_136' title='bbox 848 1931 1049 2012; x_wconf 84' lang='lat' dir='ltr'><strong>posteritatis</strong></span> <span class='ocrx_word' id='word_1_137' title='bbox 1073 1931 1141 1992; x_wconf 91' lang='lat' dir='ltr'><strong>eius</strong></span> <span class='ocrx_word' id='word_1_138' title='bbox 1173 1948 1308 2010; x_wconf 88' lang='lat' dir='ltr'><strong>germen</strong></span> 
     </span>
     <span class='ocr_line' id='line_1_17' title="bbox 80 2036 1309 2120; baseline -0.002 -20"><span class='ocrx_word' id='word_1_139' title='bbox 80 2036 243 2120; x_wconf 87' lang='lat' dir='ltr'><strong>pullulare</strong></span> <span class='ocrx_word' id='word_1_140' title='bbox 273 2036 422 2111; x_wconf 69' lang='lat' dir='ltr'><strong>desierit,</strong></span> <span class='ocrx_word' id='word_1_141' title='bbox 453 2057 528 2100; x_wconf 91' lang='lat' dir='ltr'><strong>cum</strong></span> <span class='ocrx_word' id='word_1_142' title='bbox 559 2057 603 2099; x_wconf 89' lang='lat' dir='ltr'><strong>ex</strong></span> <span class='ocrx_word' id='word_1_143' title='bbox 631 2047 708 2102; x_wconf 91' lang='lat' dir='ltr'><strong>tunc</strong></span> <span class='ocrx_word' id='word_1_144' title='bbox 732 2037 836 2099; x_wconf 90' lang='lat' dir='ltr'><strong>multo</strong></span> <span class='ocrx_word' id='word_1_145' title='bbox 861 2037 998 2120; x_wconf 86' lang='lat' dir='ltr'><strong>amplius</strong></span> <span class='ocrx_word' id='word_1_146' title='bbox 1022 2037 1192 2101; x_wconf 89' lang='lat' dir='ltr'><strong>dilatatum</strong></span> <span class='ocrx_word' id='word_1_147' title='bbox 1216 2037 1309 2098; x_wconf 89' lang='lat' dir='ltr'><strong>iuxta</strong></span> 
     </span>
     <span class='ocr_line' id='line_1_18' title="bbox 82 2143 1308 2226; baseline 0 -20"><span class='ocrx_word' id='word_1_148' title='bbox 82 2145 347 2206; x_wconf 86' lang='lat' dir='ltr'><strong>benedictionem</strong></span> <span class='ocrx_word' id='word_1_149' title='bbox 377 2143 582 2226; x_wconf 88' lang='lat' dir='ltr'><strong>patriarchae</strong></span> <span class='ocrx_word' id='word_1_150' title='bbox 611 2145 643 2206; x_wconf 94' lang='lat' dir='ltr'><strong>in</strong></span> <span class='ocrx_word' id='word_1_151' title='bbox 673 2146 808 2208; x_wconf 90' lang='lat' dir='ltr'><strong>modum</strong></span> <span class='ocrx_word' id='word_1_152' title='bbox 832 2145 999 2208; x_wconf 86' lang='lat' dir='ltr'><strong>stellarum</strong></span> <span class='ocrx_word' id='word_1_153' title='bbox 1024 2145 1186 2208; x_wconf 79' lang='lat' dir='ltr'><strong>effulserit.</strong></span> <span class='ocrx_word' id='word_1_154' title='bbox 1219 2144 1308 2226; x_wconf 90' lang='lat' dir='ltr'><strong>quod</strong></span> 
     </span>
     <span class='ocr_line' id='line_1_19' title="bbox 89 2251 1309 2336; baseline 0.002 -24"><span class='ocrx_word' id='word_1_155' title='bbox 89 2254 166 2314; x_wconf 88' lang='lat' dir='ltr'><strong>enim</strong></span> <span class='ocrx_word' id='word_1_156' title='bbox 199 2252 271 2334; x_wconf 92' lang='lat' dir='ltr'><strong>ipse</strong></span> <span class='ocrx_word' id='word_1_157' title='bbox 303 2252 345 2313; x_wconf 92' lang='lat' dir='ltr'><strong>de</strong></span> <span class='ocrx_word' id='word_1_158' title='bbox 376 2273 411 2314; x_wconf 91' lang='lat' dir='ltr'><strong>se</strong></span> <span class='ocrx_word' id='word_1_159' title='bbox 436 2254 497 2325; x_wconf 92' lang='lat' dir='ltr'><strong>ait,</strong></span> <span class='ocrx_word' id='word_1_160' title='bbox 528 2253 583 2333; x_wconf 93' lang='lat' dir='ltr'><strong>qui</strong></span> <span class='ocrx_word' id='word_1_161' title='bbox 607 2251 786 2316; x_wconf 87' lang='lat' dir='ltr'><strong>electorum</strong></span> <span class='ocrx_word' id='word_1_162' title='bbox 810 2254 955 2316; x_wconf 90' lang='lat' dir='ltr'><strong>omnium</strong></span> <span class='ocrx_word' id='word_1_163' title='bbox 979 2262 1078 2336; x_wconf 90' lang='lat' dir='ltr'><strong>caput</strong></span> <span class='ocrx_word' id='word_1_164' title='bbox 1102 2273 1174 2314; x_wconf 91' lang='lat' dir='ltr'><strong>esse</strong></span> <span class='ocrx_word' id='word_1_165' title='bbox 1198 2253 1309 2326; x_wconf 86' lang='lat' dir='ltr'><strong>uoluit,</strong></span> 
     </span>
     <span class='ocr_line' id='line_1_20' title="bbox 91 2343 1308 2440; baseline -0.001 -18"><span class='ocrx_word' id='word_1_166' title='bbox 91 2361 157 2440; x_wconf 87' lang='lat' dir='ltr'><strong>quia</strong></span> <span class='ocrx_word' id='word_1_167' title='bbox 189 2359 259 2420; x_wconf 69' lang='lat' dir='ltr'><strong>nari</strong></span> <span class='ocrx_word' id='word_1_168' title='bbox 282 2379 425 2439; x_wconf 82' lang='lat' dir='ltr'><strong>granum</strong></span> <span class='ocrx_word' id='word_1_169' title='bbox 455 2358 613 2433; x_wconf 78' lang='lat' dir='ltr'><strong>fruaunti</strong></span> <span class='ocrx_word' id='word_1_170' title='bbox 640 2359 758 2422; x_wconf 84' lang='lat' dir='ltr'><strong>cadens</strong></span> <span class='ocrx_word' id='word_1_171' title='bbox 788 2359 822 2422; x_wconf 80' lang='lat' dir='ltr'><strong>ia</strong></span> <span class='ocrx_word' id='word_1_172' title='bbox 847 2370 981 2432; x_wconf 82' lang='lat' dir='ltr'><strong>terram,</strong></span> <span class='ocrx_word' id='word_1_173' title='bbox 1013 2343 1172 2422; x_wconf 73' lang='lat' dir='ltr'><strong>mortuum</strong></span> <span class='ocrx_word' id='word_1_174' title='bbox 1203 2359 1308 2432; x_wconf 71' lang='lat' dir='ltr'><strong>sireni,</strong></span> 
     </span>
     <span class='ocr_line' id='line_1_21' title="bbox 56 2465 1309 2550; baseline 0.001 -20"><span class='ocrx_word' id='word_1_175' title='bbox 56 2467 189 2549; x_wconf 63' lang='lat' dir='ltr'><strong>mapsam</strong></span> <span class='ocrx_word' id='word_1_176' title='bbox 211 2465 317 2529; x_wconf 85' lang='lat' dir='ltr'><strong>salum</strong></span> <span class='ocrx_word' id='word_1_177' title='bbox 340 2476 465 2529; x_wconf 72' lang='lat' dir='ltr'><strong>anana.-</strong></span> <span class='ocrx_word' id='word_1_178' title='bbox 495 2467 527 2529; x_wconf 83' lang='lat' dir='ltr'><strong>sz&#39;</strong></span> <span class='ocrx_word' id='word_1_179' title='bbox 548 2477 653 2529; x_wconf 83' lang='lat' dir='ltr'><strong>autem</strong></span> <span class='ocrx_word' id='word_1_180' title='bbox 677 2477 836 2531; x_wconf 82' lang='lat' dir='ltr'><strong>mortuum</strong></span> <span class='ocrx_word' id='word_1_181' title='bbox 856 2468 978 2550; x_wconf 75' lang='lat' dir='ltr'><strong>suerri,</strong></span> <span class='ocrx_word' id='word_1_182' title='bbox 1009 2467 1144 2533; x_wconf 85' lang='lat' dir='ltr'><strong>multam</strong></span> <span class='ocrx_word' id='word_1_183' title='bbox 1160 2470 1309 2550; x_wconf 74' lang='lat' dir='ltr'><strong>fructum</strong></span> 
     </span>
     <span class='ocr_line' id='line_1_22' title="bbox 86 2574 1309 2659; baseline 0.002 -24"><span class='ocrx_word' id='word_1_184' title='bbox 86 2576 194 2657; x_wconf 83' lang='lat' dir='ltr'><strong>affert,</strong></span> <span class='ocrx_word' id='word_1_185' title='bbox 225 2575 312 2637; x_wconf 90' lang='lat' dir='ltr'><strong>idem</strong></span> <span class='ocrx_word' id='word_1_186' title='bbox 337 2574 435 2637; x_wconf 91' lang='lat' dir='ltr'><strong>etiam</strong></span> <span class='ocrx_word' id='word_1_187' title='bbox 459 2575 501 2637; x_wconf 94' lang='lat' dir='ltr'><strong>de</strong></span> <span class='ocrx_word' id='word_1_188' title='bbox 525 2575 679 2639; x_wconf 89' lang='lat' dir='ltr'><strong>membris</strong></span> <span class='ocrx_word' id='word_1_189' title='bbox 703 2576 772 2638; x_wconf 89' lang='lat' dir='ltr'><strong>eius</strong></span> <span class='ocrx_word' id='word_1_190' title='bbox 796 2575 1043 2659; x_wconf 86' lang='lat' dir='ltr'><strong>intelligendum</strong></span> <span class='ocrx_word' id='word_1_191' title='bbox 1068 2586 1126 2639; x_wconf 86' lang='lat' dir='ltr'><strong>est.</strong></span> <span class='ocrx_word' id='word_1_192' title='bbox 1159 2575 1309 2638; x_wconf 82' lang='lat' dir='ltr'><strong>frumenti</strong></span> 
     </span>
     <span class='ocr_line' id='line_1_23' title="bbox 90 2680 1309 2765; baseline 0.001 -22"><span class='ocrx_word' id='word_1_193' title='bbox 90 2684 205 2763; x_wconf 85' lang='lat' dir='ltr'><strong>quippe</strong></span> <span class='ocrx_word' id='word_1_194' title='bbox 237 2681 370 2744; x_wconf 90' lang='lat' dir='ltr'><strong>nomine</strong></span> <span class='ocrx_word' id='word_1_195' title='bbox 401 2683 586 2745; x_wconf 87' lang='lat' dir='ltr'><strong>coadunata</strong></span> <span class='ocrx_word' id='word_1_196' title='bbox 617 2702 677 2765; x_wconf 87' lang='lat' dir='ltr'><strong>per</strong></span> <span class='ocrx_word' id='word_1_197' title='bbox 707 2680 807 2746; x_wconf 88' lang='lat' dir='ltr'><strong>fidem</strong></span> <span class='ocrx_word' id='word_1_198' title='bbox 838 2682 1018 2745; x_wconf 89' lang='lat' dir='ltr'><strong>electorum</strong></span> <span class='ocrx_word' id='word_1_199' title='bbox 1049 2682 1224 2747; x_wconf 89' lang='lat' dir='ltr'><strong>multitudo</strong></span> <span class='ocrx_word' id='word_1_200' title='bbox 1255 2704 1309 2745; x_wconf 89' lang='lat' dir='ltr'><strong>ex·</strong></span> 
     </span>
     <span class='ocr_line' id='line_1_24' title="bbox 94 2786 1308 2871; baseline 0.002 -22"><span class='ocrx_word' id='word_1_201' title='bbox 94 2789 233 2869; x_wconf 89' lang='lat' dir='ltr'><strong>primitur</strong></span> <span class='ocrx_word' id='word_1_202' title='bbox 257 2786 421 2869; x_wconf 88' lang='lat' dir='ltr'><strong>propheta</strong></span> <span class='ocrx_word' id='word_1_203' title='bbox 443 2798 621 2852; x_wconf 89' lang='lat' dir='ltr'><strong>attestante</strong></span> <span class='ocrx_word' id='word_1_204' title='bbox 645 2790 700 2871; x_wconf 90' lang='lat' dir='ltr'><strong>qui</strong></span> <span class='ocrx_word' id='word_1_205' title='bbox 727 2791 788 2852; x_wconf 91' lang='lat' dir='ltr'><strong>ait:</strong></span> <span class='ocrx_word' id='word_1_206' title='bbox 820 2789 902 2871; x_wconf 81' lang='lat' dir='ltr'><strong>quid</strong></span> <span class='ocrx_word' id='word_1_207' title='bbox 921 2790 1005 2853; x_wconf 82' lang='lat' dir='ltr'><strong>enim</strong></span> <span class='ocrx_word' id='word_1_208' title='bbox 1029 2790 1142 2852; x_wconf 83' lang='lat' dir='ltr'><strong>bonum</strong></span> <span class='ocrx_word' id='word_1_209' title='bbox 1165 2790 1233 2853; x_wconf 81' lang='lat' dir='ltr'><strong>eius</strong></span> <span class='ocrx_word' id='word_1_210' title='bbox 1256 2800 1308 2861; x_wconf 81' lang='lat' dir='ltr'><strong>ert,</strong></span> 
     </span>
     <span class='ocr_line' id='line_1_25' title="bbox 93 2894 1310 2978; baseline 0.002 -21"><span class='ocrx_word' id='word_1_211' title='bbox 93 2896 209 2978; x_wconf 76' lang='lat' dir='ltr'><strong>etquid</strong></span> <span class='ocrx_word' id='word_1_212' title='bbox 223 2894 398 2978; x_wconf 75' lang='lat' dir='ltr'><strong>pulchrum</strong></span> <span class='ocrx_word' id='word_1_213' title='bbox 421 2896 496 2969; x_wconf 76' lang='lat' dir='ltr'><strong>eius,</strong></span> <span class='ocrx_word' id='word_1_214' title='bbox 520 2897 587 2959; x_wconf 80' lang='lat' dir='ltr'><strong>nisi</strong></span> <span class='ocrx_word' id='word_1_215' title='bbox 599 2900 804 2978; x_wconf 81' lang='lat' dir='ltr'><strong>frumentum</strong></span> <span class='ocrx_word' id='word_1_216' title='bbox 819 2897 1010 2961; x_wconf 63' lang='lat' dir='ltr'><strong>electarum.)</strong></span> <span class='ocrx_word' id='word_1_217' title='bbox 1033 2897 1229 2961; x_wconf 83' lang='lat' dir='ltr'><strong>frumentum</strong></span> <span class='ocrx_word' id='word_1_218' title='bbox 1246 2897 1310 2959; x_wconf 93' lang='lat' dir='ltr'><strong>hoc</strong></span> 
     </span>
     <span class='ocr_line' id='line_1_26' title="bbox 58 3003 1310 3087; baseline 0.003 -24"><span class='ocrx_word' id='word_1_219' title='bbox 58 3005 116 3065; x_wconf 65' lang='lat' dir='ltr'><strong>ain</strong></span> <span class='ocrx_word' id='word_1_220' title='bbox 139 3025 217 3066; x_wconf 91' lang='lat' dir='ltr'><strong>area</strong></span> <span class='ocrx_word' id='word_1_221' title='bbox 239 3005 351 3067; x_wconf 89' lang='lat' dir='ltr'><strong>mundi</strong></span> <span class='ocrx_word' id='word_1_222' title='bbox 375 3003 468 3067; x_wconf 87' lang='lat' dir='ltr'><strong>huius</strong></span> <span class='ocrx_word' id='word_1_223' title='bbox 491 3024 577 3067; x_wconf 92' lang='lat' dir='ltr'><strong>nunc</strong></span> <span class='ocrx_word' id='word_1_224' title='bbox 600 3006 728 3067; x_wconf 88' lang='lat' dir='ltr'><strong>interim</strong></span> <span class='ocrx_word' id='word_1_225' title='bbox 752 3026 812 3087; x_wconf 90' lang='lat' dir='ltr'><strong>per</strong></span> <span class='ocrx_word' id='word_1_226' title='bbox 832 3007 1048 3087; x_wconf 87' lang='lat' dir='ltr'><strong>reproborum</strong></span> <span class='ocrx_word' id='word_1_227' title='bbox 1071 3006 1310 3069; x_wconf 89' lang='lat' dir='ltr'><strong>admixtionem</strong></span> 
     </span>
     <span class='ocr_line' id='line_1_27' title="bbox 82 3112 1310 3194; baseline -0.001 -19"><span class='ocrx_word' id='word_1_228' title='bbox 82 3114 176 3194; x_wconf 86' lang='lat' dir='ltr'><strong>quasi</strong></span> <span class='ocrx_word' id='word_1_229' title='bbox 210 3112 378 3194; x_wconf 88' lang='lat' dir='ltr'><strong>palearum</strong></span> <span class='ocrx_word' id='word_1_230' title='bbox 411 3113 565 3193; x_wconf 86' lang='lat' dir='ltr'><strong>congerie</strong></span> <span class='ocrx_word' id='word_1_231' title='bbox 598 3113 771 3194; x_wconf 87' lang='lat' dir='ltr'><strong>premitur,</strong></span> <span class='ocrx_word' id='word_1_232' title='bbox 804 3114 836 3174; x_wconf 94' lang='lat' dir='ltr'><strong>in</strong></span> <span class='ocrx_word' id='word_1_233' title='bbox 870 3112 933 3175; x_wconf 89' lang='lat' dir='ltr'><strong>fine</strong></span> <span class='ocrx_word' id='word_1_234' title='bbox 958 3134 1037 3175; x_wconf 91' lang='lat' dir='ltr'><strong>vero</strong></span> <span class='ocrx_word' id='word_1_235' title='bbox 1071 3113 1171 3175; x_wconf 92' lang='lat' dir='ltr'><strong>diuini</strong></span> <span class='ocrx_word' id='word_1_236' title='bbox 1203 3113 1310 3176; x_wconf 89' lang='lat' dir='ltr'><strong>iudicii</strong></span> 
     </span>
     <span class='ocr_line' id='line_1_28' title="bbox 80 3217 1310 3300; baseline 0 -18"><span class='ocrx_word' id='word_1_237' title='bbox 80 3219 267 3284; x_wconf 90' lang='lat' dir='ltr'><strong>uentilabro</strong></span> <span class='ocrx_word' id='word_1_238' title='bbox 299 3228 509 3300; x_wconf 84' lang='lat' dir='ltr'><strong>segregatum</strong></span> <span class='ocrx_word' id='word_1_239' title='bbox 534 3219 729 3281; x_wconf 90' lang='lat' dir='ltr'><strong>caelestibus</strong></span> <span class='ocrx_word' id='word_1_240' title='bbox 753 3217 878 3281; x_wconf 85' lang='lat' dir='ltr'><strong>horreis</strong></span> <span class='ocrx_word' id='word_1_241' title='bbox 902 3219 1105 3282; x_wconf 89' lang='lat' dir='ltr'><strong>recondetur.</strong></span> <span class='ocrx_word' id='word_1_242' title='bbox 1138 3220 1227 3281; x_wconf 89' lang='lat' dir='ltr'><strong>cuius</strong></span> <span class='ocrx_word' id='word_1_243' title='bbox 1251 3219 1310 3282; x_wconf 82' lang='lat' dir='ltr'><strong>iru-</strong></span> 
     </span>
     <span class='ocr_line' id='line_1_29' title="bbox 79 3325 1310 3410; baseline -0.002 -19"><span class='ocrx_word' id='word_1_244' title='bbox 79 3329 185 3391; x_wconf 89' lang='lat' dir='ltr'><strong>menti</strong></span> <span class='ocrx_word' id='word_1_245' title='bbox 217 3326 381 3408; x_wconf 86' lang='lat' dir='ltr'><strong>singulare</strong></span> <span class='ocrx_word' id='word_1_246' title='bbox 409 3346 548 3407; x_wconf 84' lang='lat' dir='ltr'><strong>granum</strong></span> <span class='ocrx_word' id='word_1_247' title='bbox 572 3328 642 3410; x_wconf 90' lang='lat' dir='ltr'><strong>ipse</strong></span> <span class='ocrx_word' id='word_1_248' title='bbox 665 3327 827 3389; x_wconf 86' lang='lat' dir='ltr'><strong>Dominus</strong></span> <span class='ocrx_word' id='word_1_249' title='bbox 852 3348 911 3409; x_wconf 88' lang='lat' dir='ltr'><strong>per</strong></span> <span class='ocrx_word' id='word_1_250' title='bbox 934 3325 1143 3390; x_wconf 89' lang='lat' dir='ltr'><strong>humanitatis</strong></span> <span class='ocrx_word' id='word_1_251' title='bbox 1167 3348 1310 3409; x_wconf 90' lang='lat' dir='ltr'><strong>assump-</strong></span> 
     </span>
     <span class='ocr_line' id='line_1_30' title="bbox 77 3432 1310 3516; baseline 0 -19"><span class='ocrx_word' id='word_1_252' title='bbox 77 3438 209 3499; x_wconf 88' lang='lat' dir='ltr'><strong>tionem</strong></span> <span class='ocrx_word' id='word_1_253' title='bbox 241 3432 309 3497; x_wconf 87' lang='lat' dir='ltr'><strong>lieri</strong></span> <span class='ocrx_word' id='word_1_254' title='bbox 338 3434 492 3515; x_wconf 87' lang='lat' dir='ltr'><strong>dignatus</strong></span> <span class='ocrx_word' id='word_1_255' title='bbox 516 3443 583 3508; x_wconf 87' lang='lat' dir='ltr'><strong>est,</strong></span> <span class='ocrx_word' id='word_1_256' title='bbox 615 3443 798 3514; x_wconf 90' lang='lat' dir='ltr'><strong>uentosque</strong></span> <span class='ocrx_word' id='word_1_257' title='bbox 822 3454 861 3496; x_wconf 92' lang='lat' dir='ltr'><strong>ac</strong></span> <span class='ocrx_word' id='word_1_258' title='bbox 884 3433 1011 3516; x_wconf 87' lang='lat' dir='ltr'><strong>pluuias</strong></span> <span class='ocrx_word' id='word_1_259' title='bbox 1034 3443 1067 3496; x_wconf 89' lang='lat' dir='ltr'><strong>et</strong></span> <span class='ocrx_word' id='word_1_260' title='bbox 1091 3443 1200 3497; x_wconf 86' lang='lat' dir='ltr'><strong>aestus</strong></span> <span class='ocrx_word' id='word_1_261' title='bbox 1224 3435 1310 3509; x_wconf 77' lang='lat' dir='ltr'><strong>soliS,</strong></span> 
     </span>
     <span class='ocr_line' id='line_1_31' title="bbox 49 3540 1311 3622; baseline -0.003 -15"><span class='ocrx_word' id='word_1_262' title='bbox 49 3545 108 3607; x_wconf 72' lang='lat' dir='ltr'><strong>aid</strong></span> <span class='ocrx_word' id='word_1_263' title='bbox 136 3550 193 3603; x_wconf 88' lang='lat' dir='ltr'><strong>est</strong></span> <span class='ocrx_word' id='word_1_264' title='bbox 217 3541 323 3603; x_wconf 87' lang='lat' dir='ltr'><strong>uarias</strong></span> <span class='ocrx_word' id='word_1_265' title='bbox 346 3540 609 3622; x_wconf 90' lang='lat' dir='ltr'><strong>persecutionum</strong></span> <span class='ocrx_word' id='word_1_266' title='bbox 632 3542 763 3603; x_wconf 90' lang='lat' dir='ltr'><strong>iniurias</strong></span> <span class='ocrx_word' id='word_1_267' title='bbox 788 3561 890 3622; x_wconf 86' lang='lat' dir='ltr'><strong>usque</strong></span> <span class='ocrx_word' id='word_1_268' title='bbox 915 3542 955 3603; x_wconf 90' lang='lat' dir='ltr'><strong>ad</strong></span> <span class='ocrx_word' id='word_1_269' title='bbox 981 3550 1122 3604; x_wconf 88' lang='lat' dir='ltr'><strong>mortem</strong></span> <span class='ocrx_word' id='word_1_270' title='bbox 1138 3543 1311 3617; x_wconf 62' lang='lat' dir='ltr'><strong>sustinens</strong></span> 
     </span>
     <span class='ocr_line' id='line_1_32' title="bbox 77 3646 1310 3729; baseline -0.002 -15"><span class='ocrx_word' id='word_1_271' title='bbox 77 3650 223 3714; x_wconf 89' lang='lat' dir='ltr'><strong>multum</strong></span> <span class='ocrx_word' id='word_1_272' title='bbox 254 3649 286 3710; x_wconf 93' lang='lat' dir='ltr'><strong>in</strong></span> <span class='ocrx_word' id='word_1_273' title='bbox 317 3647 429 3711; x_wconf 87' lang='lat' dir='ltr'><strong>electis</strong></span> <span class='ocrx_word' id='word_1_274' title='bbox 460 3646 599 3709; x_wconf 85' lang='lat' dir='ltr'><strong>fructum</strong></span> <span class='ocrx_word' id='word_1_275' title='bbox 632 3647 746 3710; x_wconf 91' lang='lat' dir='ltr'><strong>attulit.</strong></span> <span class='ocrx_word' id='word_1_276' title='bbox 779 3656 812 3710; x_wconf 89' lang='lat' dir='ltr'><strong>et</strong></span> <span class='ocrx_word' id='word_1_277' title='bbox 843 3649 997 3729; x_wconf 89' lang='lat' dir='ltr'><strong>quoniam</strong></span> <span class='ocrx_word' id='word_1_278' title='bbox 1029 3658 1135 3711; x_wconf 87' lang='lat' dir='ltr'><strong>morte</strong></span> <span class='ocrx_word' id='word_1_279' title='bbox 1163 3670 1222 3711; x_wconf 91' lang='lat' dir='ltr'><strong>sua</strong></span> <span class='ocrx_word' id='word_1_280' title='bbox 1244 3670 1310 3712; x_wconf 89' lang='lat' dir='ltr'><strong>non</strong></span> 
     </span>
     <span class='ocr_line' id='line_1_33' title="bbox 76 3754 1310 3840; baseline -0.001 -20"><span class='ocrx_word' id='word_1_281' title='bbox 76 3759 193 3821; x_wconf 87' lang='lat' dir='ltr'><strong>solum</strong></span> <span class='ocrx_word' id='word_1_282' title='bbox 225 3756 311 3817; x_wconf 90' lang='lat' dir='ltr'><strong>uitae</strong></span> <span class='ocrx_word' id='word_1_283' title='bbox 344 3755 525 3817; x_wconf 90' lang='lat' dir='ltr'><strong>remedium</strong></span> <span class='ocrx_word' id='word_1_284' title='bbox 557 3754 616 3817; x_wconf 87' lang='lat' dir='ltr'><strong>sed</strong></span> <span class='ocrx_word' id='word_1_285' title='bbox 650 3764 684 3816; x_wconf 89' lang='lat' dir='ltr'><strong>et</strong></span> <span class='ocrx_word' id='word_1_286' title='bbox 716 3756 893 3838; x_wconf 90' lang='lat' dir='ltr'><strong>patientiae</strong></span> <span class='ocrx_word' id='word_1_287' title='bbox 926 3756 1076 3837; x_wconf 87' lang='lat' dir='ltr'><strong>praebuit</strong></span> <span class='ocrx_word' id='word_1_288' title='bbox 1112 3756 1310 3840; x_wconf 87' lang='lat' dir='ltr'><strong>exemplum,</strong></span> 
     </span>
     <span class='ocr_line' id='line_1_34' title="bbox 76 3860 1310 3947; baseline -0.001 -20"><span class='ocrx_word' id='word_1_289' title='bbox 76 3864 244 3947; x_wconf 89' lang='lat' dir='ltr'><strong>plurimae</strong></span> <span class='ocrx_word' id='word_1_290' title='bbox 275 3871 457 3942; x_wconf 88' lang='lat' dir='ltr'><strong>martyrum</strong></span> <span class='ocrx_word' id='word_1_291' title='bbox 488 3861 602 3923; x_wconf 89' lang='lat' dir='ltr'><strong>turbae</strong></span> <span class='ocrx_word' id='word_1_292' title='bbox 630 3870 798 3943; x_wconf 89' lang='lat' dir='ltr'><strong>tamquam</strong></span> <span class='ocrx_word' id='word_1_293' title='bbox 822 3860 950 3943; x_wconf 79' lang='lat' dir='ltr'><strong>frugum</strong></span> <span class='ocrx_word' id='word_1_294' title='bbox 974 3863 1043 3925; x_wconf 90' lang='lat' dir='ltr'><strong>eius</strong></span> <span class='ocrx_word' id='word_1_295' title='bbox 1066 3865 1226 3945; x_wconf 88' lang='lat' dir='ltr'><strong>primitiae</strong></span> <span class='ocrx_word' id='word_1_296' title='bbox 1249 3865 1310 3945; x_wconf 91' lang='lat' dir='ltr'><strong>ipsi</strong></span> 
     </span>
     <span class='ocr_line' id='line_1_35' title="bbox 77 3966 1310 4053; baseline -0.002 -19"><span class='ocrx_word' id='word_1_297' title='bbox 77 3967 256 4053; x_wconf 86' lang='lat' dir='ltr'><strong>principali</strong></span> <span class='ocrx_word' id='word_1_298' title='bbox 287 3989 391 4049; x_wconf 87' lang='lat' dir='ltr'><strong>grano</strong></span> <span class='ocrx_word' id='word_1_299' title='bbox 419 3968 641 4031; x_wconf 84' lang='lat' dir='ltr'><strong>conformatae</strong></span> <span class='ocrx_word' id='word_1_300' title='bbox 665 3968 725 4031; x_wconf 88' lang='lat' dir='ltr'><strong>sub</strong></span> <span class='ocrx_word' id='word_1_301' title='bbox 749 3966 880 4031; x_wconf 88' lang='lat' dir='ltr'><strong>hiemali</strong></span> <span class='ocrx_word' id='word_1_302' title='bbox 903 3973 1168 4051; x_wconf 88' lang='lat' dir='ltr'><strong>persequentium</strong></span> <span class='ocrx_word' id='word_1_303' title='bbox 1192 3972 1310 4053; x_wconf 90' lang='lat' dir='ltr'><strong>asperi·</strong></span> 
     </span>
    </p>

    <p class='ocr_par' dir='ltr' id='par_1_3' title="bbox 46 4077 1310 4267">
     <span class='ocr_line' id='line_1_36' title="bbox 46 4077 367 4142; baseline -0.016 0"><span class='ocrx_word' id='word_1_304' title='bbox 46 4108 69 4142; x_wconf 69' lang='lat' dir='ltr'><strong>is</strong></span> <span class='ocrx_word' id='word_1_305' title='bbox 79 4089 154 4141; x_wconf 88' lang='lat' dir='ltr'><strong>tate</strong></span> <span class='ocrx_word' id='word_1_306' title='bbox 179 4077 367 4139; x_wconf 84' lang='lat' dir='ltr'><strong>moriuntur.</strong></span> 
     </span>
     <span class='ocr_line' id='line_1_37' title="bbox 194 4182 1310 4267; baseline -0.001 -21"><span class='ocrx_word' id='word_1_307' title='bbox 194 4185 255 4246; x_wconf 88' lang='lat' dir='ltr'><strong>Per</strong></span> <span class='ocrx_word' id='word_1_308' title='bbox 285 4182 395 4246; x_wconf 87' lang='lat' dir='ltr'><strong>uitalia</strong></span> <span class='ocrx_word' id='word_1_309' title='bbox 425 4203 505 4246; x_wconf 92' lang='lat' dir='ltr'><strong>vero</strong></span> <span class='ocrx_word' id='word_1_310' title='bbox 535 4184 718 4247; x_wconf 88' lang='lat' dir='ltr'><strong>sanctitatis</strong></span> <span class='ocrx_word' id='word_1_311' title='bbox 749 4182 920 4265; x_wconf 86' lang='lat' dir='ltr'><strong>exempla,</strong></span> <span class='ocrx_word' id='word_1_312' title='bbox 951 4204 1035 4264; x_wconf 89' lang='lat' dir='ltr'><strong>quae</strong></span> <span class='ocrx_word' id='word_1_313' title='bbox 1059 4184 1220 4267; x_wconf 87' lang='lat' dir='ltr'><strong>proximis</strong></span> <span class='ocrx_word' id='word_1_314' title='bbox 1242 4183 1310 4245; x_wconf 90' lang='lat' dir='ltr'><strong>reli·</strong></span> 
     </span>
    </p>
   </div>
   <div class='ocr_carea' id='block_1_3' title="bbox 83 4322 1309 4488">
    <p class='ocr_par' dir='ltr' id='par_1_4' title="bbox 83 4322 1309 4488">
     <span class='ocr_line' id='line_1_38' title="bbox 197 4322 1309 4396; baseline 0.002 -23"><span class='ocrx_word' id='word_1_315' title='bbox 197 4339 218 4374; x_wconf 83' lang='grc' dir='ltr'><strong>ι.</strong></span> <span class='ocrx_word' id='word_1_316' title='bbox 239 4327 319 4375; x_wconf 74' lang='lat' dir='ltr'><strong>hebr.</strong></span> <span class='ocrx_word' id='word_1_317' title='bbox 349 4338 387 4384; x_wconf 87' lang='lat'><strong>11,</strong></span> <span class='ocrx_word' id='word_1_318' title='bbox 421 4325 530 4387; x_wconf 87' lang='lat'>17-18.</span> <span class='ocrx_word' id='word_1_319' title='bbox 559 4354 594 4361; x_wconf 86' lang='lat'><em>-</em></span> <span class='ocrx_word' id='word_1_320' title='bbox 622 4342 646 4390; x_wconf 85' lang='lat'><strong>9.</strong></span> <span class='ocrx_word' id='word_1_321' title='bbox 676 4327 741 4375; x_wconf 83' lang='lat' dir='ltr'><strong>Gen.</strong></span> <span class='ocrx_word' id='word_1_322' title='bbox 771 4338 813 4386; x_wconf 82' lang='lat'><strong>22,</strong></span> <span class='ocrx_word' id='word_1_323' title='bbox 846 4322 883 4379; x_wconf 81' lang='lat'><strong>16.</strong></span> <span class='ocrx_word' id='word_1_324' title='bbox 912 4354 947 4364; x_wconf 87' lang='lat'><em>-</em></span> <span class='ocrx_word' id='word_1_325' title='bbox 979 4339 1017 4380; x_wconf 86' lang='lat'><strong>11.</strong></span> <span class='ocrx_word' id='word_1_326' title='bbox 1047 4328 1086 4382; x_wconf 79' lang='lat' dir='ltr'><strong>Ps.</strong></span> <span class='ocrx_word' id='word_1_327' title='bbox 1119 4338 1175 4395; x_wconf 84' lang='lat'>131,</span> <span class='ocrx_word' id='word_1_328' title='bbox 1208 4336 1246 4396; x_wconf 73' lang='lat'><strong>¹5=</strong></span> <span class='ocrx_word' id='word_1_329' title='bbox 1275 4354 1309 4366; x_wconf 35' lang='grc' dir='ltr'><strong>ἡ</strong></span> 
     </span>
     <span class='ocr_line' id='line_1_39' title="bbox 83 4415 665 4488; baseline -0.003 -21"><span class='ocrx_word' id='word_1_330' title='bbox 83 4430 128 4467; x_wconf 85' lang='lat'><strong>21.</strong></span> <span class='ocrx_word' id='word_1_331' title='bbox 149 4417 222 4485; x_wconf 80' lang='lat' dir='ltr'><strong>Joau.</strong></span> <span class='ocrx_word' id='word_1_332' title='bbox 246 4428 284 4477; x_wconf 79' lang='lat'><strong>12,</strong></span> <span class='ocrx_word' id='word_1_333' title='bbox 306 4428 347 4479; x_wconf 87' lang='lat'><strong>24.</strong></span> <span class='ocrx_word' id='word_1_334' title='bbox 368 4444 401 4451; x_wconf 89' lang='lat'>—</span> <span class='ocrx_word' id='word_1_335' title='bbox 422 4428 463 4482; x_wconf 86' lang='lat'><strong>24.</strong></span> <span class='ocrx_word' id='word_1_336' title='bbox 484 4415 558 4465; x_wconf 85' lang='lat' dir='ltr'><strong>Zach.</strong></span> <span class='ocrx_word' id='word_1_337' title='bbox 578 4431 603 4488; x_wconf 85' lang='lat'><strong>9,</strong></span> <span class='ocrx_word' id='word_1_338' title='bbox 627 4426 665 4484; x_wconf 82' lang='lat'><strong>17.</strong></span> 
     </span>
    </p>
   </div>
   <div class='ocr_carea' id='block_1_4' title="bbox 0 0 1602 5025">
    <p class='ocr_par' dir='ltr' id='par_1_5' title="bbox 0 0 1602 5025">
     <span class='ocr_line' id='line_1_40' title="bbox 0 0 1602 5025; baseline 0 0"><span class='ocrx_word' id='word_1_339' title='bbox 0 0 1602 5025; x_wconf 95' lang='lat' dir='ltr'><strong> </strong></span> 
     </span>
    </p>
   </div>
  </div>
 </body>
</html>
