3167 5025
1292 263 1328 328 17

94 444 295 507 beatitudini
316 452 448 518 uestrae
473 445 515 507 ad
540 444 785 526 susceptionem
811 445 921 507 dilecti
945 446 1202 508 accumulabitur
1218 449 1331 528 gratia.

94 574 171 616 cum
213 554 302 615 enim
341 572 402 615 nec
441 552 618 635 specialem
657 552 745 615 illam
784 554 1048 635 persecutionem
1085 554 1180 616 uobis
1216 553 1331 619 deesse

94 660 249 735 uoluerit,
273 681 374 741 quam
397 658 522 723 electus
542 662 604 723 iste
628 660 815 743 patriarcha
830 660 972 743 pertulit,
987 669 1024 723 ut
1039 662 1192 724 uidelicet
1208 685 1228 726 a
1243 663 1331 726 falsis

95 770 298 851 quibusdam
321 768 474 831 fratribus
497 766 617 831 hostile
633 770 802 850 patiamini
826 771 947 843 odium,
971 769 1131 849 aquibus
1154 770 1331 835 fraternum

77 886 281 959 sexpectare
306 876 493 939 debueratis
517 876 728 958 obsequium:
764 878 816 939 cui
840 878 1008 959 ambigere
1031 877 1136 952 liceat,
1167 881 1256 960 quod
1288 880 1330 941 ad

103 984 253 1047 solatium
292 984 414 1047 laboris
449 987 549 1047 uestri
584 984 784 1066 frequentius
820 985 874 1047 illa
911 994 1100 1047 sanctorum
1139 986 1330 1067 angelorum

102 1104 206 1155 castra
230 1092 373 1175 dirigat?
401 1102 494 1155 tanta
517 1094 639 1175 quippe
663 1094 900 1175 persecutionis
924 1114 1076 1175 pressura
1099 1093 1271 1169 laboratis,
1295 1105 1331 1157 ut

99 1202 121 1261 si
142 1201 259 1279 Jacob,
294 1202 395 1263 immo
419 1198 656 1282 apostolorum,
691 1200 848 1283 exemplo
878 1204 911 1263 in
941 1200 1004 1264 hac
1034 1212 1128 1284 parte
1160 1204 1206 1264 uti
1237 1203 1331 1264 uobis

96 1308 251 1385 licuisset,
276 1310 342 1371 iam
365 1307 443 1371 olim
468 1308 509 1371 de
533 1307 608 1371 loco
632 1309 674 1371 ad
699 1308 808 1371 locum
832 1308 944 1390 fugere
969 1311 1146 1372 necessitas
1175 1312 1247 1393 ipsa
1270 1329 1330 1374 uos

66 1437 88 1462 10
99 1416 325 1501 compulisset.

204 1524 273 1588 Sed
310 1525 386 1605 quia
419 1523 577 1605 regularis
593 1525 691 1585 ruitae
725 1525 929 1586 institutione
964 1523 1170 1600 cohibemini,
1200 1534 1236 1587 ut
1267 1525 1330 1588 loci

96 1636 282 1697 mutatione
313 1632 500 1695 huiusmodi
532 1632 736 1694 calamitates
767 1652 833 1694 non
865 1632 957 1694 facile
989 1632 1152 1695 declinare
1188 1635 1330 1715 possitis,

95 1743 174 1823 quid
208 1749 314 1803 restat
344 1741 405 1802 nisi
436 1749 472 1801 ut
504 1739 547 1802 illi
579 1761 623 1801 ex
654 1742 784 1820 integro
816 1760 877 1801 uos
901 1742 1122 1814 committatis
1149 1743 1205 1821 qui
1228 1742 1271 1802 ad
1294 1756 1330 1802 se

96 1848 365 1931 confugientibus
400 1849 497 1909 turris
532 1857 583 1909 est
618 1849 758 1909 inuictae
794 1846 1011 1909 fortitudinis?
1049 1840 1195 1909 namet
1225 1848 1329 1927 Jacob

63 1984 85 2019 ιε
95 1959 200 2021 multo
234 1958 341 2037 magis
365 1956 586 2018 incumbendo
610 1956 778 2038 precibus,
803 1976 901 2037 quam
925 1954 1082 2036 fugiendo
1105 1955 1245 2036 pedibus
1269 1945 1330 2018 ela·

95 2067 245 2139 borauit,
277 2072 313 2125 ut
344 2063 477 2126 fratrem
509 2064 674 2145 placatum
699 2066 843 2125 inuenire
868 2072 1054 2125 mereretur.
1088 2064 1229 2143 denique
1253 2072 1330 2144 post

98 2174 208 2253 fugam
240 2172 372 2233 rediens
403 2171 481 2252 quid
506 2172 619 2251 egerit,
650 2172 770 2251 quidue
802 2170 898 2233 nobis
928 2169 1137 2252 spiritualiter
1163 2170 1329 2250 agendum

105 2279 387 2361 praefigurauerit,
419 2277 609 2340 recolamus
640 2298 715 2340 cum
739 2278 885 2353 obuiam,
921 2288 956 2339 ut
987 2298 1087 2360 supra
1115 2278 1238 2339 dictum
1270 2286 1330 2351 est,

108 2385 266 2449 habuisset
299 2386 493 2467 angelorum
525 2395 700 2461 cateruam,
725 2395 758 2447 et
785 2406 847 2467 pro
871 2386 1041 2468 ereptione
1064 2406 1123 2447 sua
1146 2386 1330 2447 orationem

72 2517 96 2542 20
105 2495 145 2557 ad
168 2495 275 2558 Deum
300 2493 438 2557 fudisset
461 2494 721 2569 intentissimam,
745 2494 934 2556 muneribus
958 2494 999 2556 ad
1025 2513 1217 2575 germanum
1241 2506 1332 2574 prae·

105 2604 218 2677 missis
248 2603 372 2665 mansit
400 2613 486 2664 nocte
516 2601 577 2663 illa
609 2603 643 2662 in
674 2602 798 2663 casm's.
830 2623 962 2683 cumque
983 2612 1108 2663 mature
1134 2601 1332 2672 surrexzsset,

111 2710 259 2772 trausiuz't
280 2711 403 2773 uadum
429 2710 539 2784 Jaboc.
563 2709 819 2792 transductisque
841 2710 993 2783 omnibus,
1015 2731 1097 2792 quae
1118 2707 1167 2770 ad
1176 2726 1220 2770 se
1235 2709 1332 2790 perti·

114 2815 233 2888 nebant,
254 2819 407 2880 remansit
427 2817 522 2879 solus.

218 2923 278 3004 Qui
293 2925 396 3006 Jacob
420 2926 552 2987 nomine
576 2926 695 3005 dignus
718 2933 776 3000 est,
800 2934 837 2987 ut
860 2926 983 2988 scilicet
1007 2926 1158 2987 uitiorum
1183 2925 1332 3013 supplan-

67 3060 91 3095 25
104 3040 195 3094 tator
229 3053 295 3095 esse
324 3032 440 3104 ualeat,
475 3043 638 3095 nocturno
667 3042 818 3115 tempore
849 3035 881 3094 in
912 3035 1028 3095 castris
1051 3034 1189 3115 pauidus
1213 3045 1332 3105 manet,

100 3141 180 3202 dum
212 3141 295 3203 inter
327 3142 413 3203 uitae
437 3139 531 3203 huius
562 3142 807 3223 temptationes
839 3141 894 3203 ubi
921 3151 1029 3202 utrum
1053 3161 1164 3203 amore
1189 3164 1230 3205 an
1254 3145 1332 3205 odio

99 3249 220 3328 dignus
233 3249 276 3310 sit
291 3250 405 3322 nescit,
421 3249 507 3309 intra
521 3249 647 3310 timoris
664 3256 697 3310 et
714 3249 934 3310 continentiae
951 3249 1129 3309 munimina
1143 3262 1178 3310 se
1192 3248 1332 3311 cohibet.

97 3359 160 3420 scit
193 3357 281 3418 enim
306 3357 382 3436 quia
406 3355 526 3418 uadum
545 3355 650 3435 Jaboc
674 3376 747 3417 sese
771 3357 907 3418 transire
932 3364 1094 3436 oporteat,
1119 3357 1187 3417 siue
1210 3358 1243 3418 in
1267 3377 1332 3418 uno

95 3464 250 3547 quolibet
274 3463 349 3524 loco
374 3471 515 3537 maneat,
539 3464 607 3524 siue
632 3462 674 3524 de
698 3465 831 3526 ciuitate
858 3464 890 3524 in
914 3465 1079 3550 ciuitatem
1097 3465 1333 3544 persecutionis

59 3602 82 3637 ³0
93 3584 191 3636 metu
223 3570 427 3652 transfugiat.
454 3571 559 3650 Jaboc
591 3570 678 3632 lucta
702 3571 753 3633 uel
777 3571 900 3632 harena
923 3565 1171 3652 interpretatur,
1202 3573 1235 3632 in
1266 3585 1333 3651 quo

91 3679 274 3746 conflictus
298 3679 350 3740 uel
374 3678 572 3760 confligendi
596 3678 696 3753 locus,
721 3680 860 3742 mundus
884 3679 1006 3742 scilicet
1024 3655 1248 3761 'etitemptatio
1265 3681 1333 3740 eius

90 3788 301 3868 intelligitur.
327 3807 535 3867 quocumque
552 3787 650 3866 igitur
665 3785 836 3867 fugiamus,
860 3780 1069 3868 quocumque
1086 3796 1245 3848 terrarum
1261 3787 1332 3847 sinu

90 3896 344 3969 delitescamus,
361 3894 516 3974 quamdiu
532 3895 565 3955 in
582 3913 721 3974 corpore
738 3894 953 3969 subsistimus,
970 3894 1082 3955 mundi
1098 3894 1333 3974 temptationes

91 4003 245 4067 euadere
276 4021 343 4065 non
374 4000 528 4064 ualemus
560 4002 619 4063 sed
652 4001 728 4082 quia
759 4002 876 4062 eadem
907 4001 1029 4063 harena
1057 4001 1179 4062 uadum
1208 4001 1356 4073 dicitur,

57 4141 80 4174 ss
92 4118 286 4194 prouentus
310 4129 330 4171 a
353 4110 427 4171 Deo
451 4129 525 4171 cum
550 4110 768 4190 temptatione
792 4108 918 4170 futurus
941 4110 1090 4170 innuitur.
1118 4117 1244 4168 mature
1269 4119 1333 4168 sur·-

93 4222 156 4301 git,
183 4219 240 4298 qui
265 4218 307 4279 de
331 4216 465 4279 leuitate
489 4217 707 4298 cogitationis,
732 4236 830 4278 manu
848 4217 1018 4297 grauitatis
1035 4237 1075 4277 se.
1091 4216 1242 4296 subrigit;
1267 4233 1333 4275 om-

93 4328 155 4389 nia
181 4345 267 4405 quae
292 4325 334 4386 ad
359 4345 394 4385 se
418 4325 583 4406 pertinent
607 4325 798 4414 transducit,
821 4324 954 4404 quando
979 4343 1072 4404 spem
1096 4332 1129 4385 et
1152 4324 1253 4384 totius
1275 4324 1334 4383 uir-

212 4477 254 4529 23.
276 4467 340 4516 Gen.
363 4477 404 4529 32,
426 4477 539 4526 2144.

1177 4549 1191 4583 2
