3167 5025
1258 259 1300 326 79

53 450 225 531 aspicite,
256 449 311 514 ubi
343 470 404 510 uos
435 457 593 530 expectat
618 446 766 510 Christus
798 467 871 512 cum
904 447 1026 509 sanctis
1050 447 1122 507 suis.
1155 454 1300 528 pugnate

54 578 124 639 pro
159 557 333 619 animabus
367 557 484 618 uestris
515 564 548 617 et
580 554 693 618 fideles
717 576 776 617 uos
801 556 833 617 in
857 573 969 617 amore
993 552 1114 617 Christi
1137 551 1300 616 exhibete.

54 667 100 726 de
129 663 260 727 talibus
283 672 362 726 ante
385 683 491 725 annos
515 662 639 744 aliquot
663 662 803 726 fideliter
819 662 860 726 ab
885 682 924 725 ea
947 661 1143 744 praemuniti
1166 659 1301 734 fuerant,

54 773 120 836 sed
140 773 226 853 quia
241 772 359 845 noctis,
381 772 414 834 id
431 780 482 833 est
499 771 707 833 aduersitatis
727 770 809 833 hora
825 771 890 834 iam
905 769 1058 842 instabat,
1081 769 1301 831 necessarium

37 881 248 943 suidebatur
274 880 392 942 eadem
416 878 526 941 denuo
550 878 764 968 recapitulari.
797 878 887 959 quod
912 886 1021 940 autem
1045 877 1198 938 distincte
1229 875 1301 937 sub·

62 989 224 1069 iungitur,
250 988 327 1068 quia
350 995 384 1048 et
407 986 530 1049 cibaria
552 986 681 1049 dederit
705 985 828 1049 ancillis
853 987 927 1061 suiS,
952 985 1021 1048 aliis
1044 983 1195 1047 uidelicet
1211 1003 1302 1066 prae·

60 1097 160 1170 dam,
205 1094 277 1157 aliis
306 1093 447 1157 cibaria:
485 1093 675 1157 ancillarum
707 1095 840 1156 nomine
873 1092 1065 1156 infirmiores
1104 1093 1223 1172 quique
1258 1111 1301 1152 ex

61 1203 264 1264 domesticis
288 1203 357 1264 eius
381 1211 415 1264 et
438 1204 480 1265 ad
504 1203 662 1284 praedam
687 1202 882 1285 capiendam
908 1202 1049 1281 impares
1070 1198 1300 1279 intelliguntur,

62 1331 150 1391 quos
188 1310 307 1372 eadem
338 1310 470 1391 pietatis
501 1310 659 1390 magistra
691 1307 762 1371 aliis
787 1307 979 1390 disciplinae
1003 1306 1111 1369 modis
1133 1307 1301 1368 instituere

33 1418 269 1500 10blandisque
293 1417 574 1481 consolationibus
598 1415 732 1480 relicere
755 1423 980 1480 consueuerat.

482 1648 791 1713 CAPITVLVM
814 1649 896 1713 VII.

422 1797 545 1857 Laus
577 1815 597 1858 a
629 1795 954 1873 possessione.

184 1953 412 2018 Consrderaur't
426 1977 551 2036 ogmm,
575 1966 606 2018 et
619 1956 696 2018 emit
709 1977 789 2026 eum,
813 1956 852 2019 de
867 1959 982 2038 fructu
998 1977 1152 2018 rauranum
1169 1976 1303 2018 siturum

68 2063 241 2144 plantauz't
269 2061 406 2124 uincam.
438 2063 481 2134 ad
512 2061 654 2126 litteram
686 2065 819 2144 quidem
850 2063 943 2126 fortis
971 2072 1140 2126 matronae
1165 2065 1303 2146 prouida

46 2170 263 2234 1ssollicitudo
295 2171 505 2245 describitur,
537 2193 622 2253 quae
653 2173 900 2253 possessionum
934 2191 1064 2234 suarum
1098 2171 1178 2234 fines
1211 2173 1302 2234 iustis

82 2277 244 2340 laboribus
276 2278 431 2340 excolere
462 2301 501 2341 ac
532 2279 669 2342 dilatare
700 2281 879 2344 consueuit.
911 2279 1023 2343 lecerit
1055 2289 1088 2342 et
1118 2279 1182 2342 hoc
1205 2280 1303 2342 beata

85 2383 247 2459 FelicitaS,
278 2386 433 2465 quamdiu
456 2385 595 2448 maritali
619 2389 773 2450 deuincta
797 2387 855 2449 luit
879 2389 1062 2466 consortio;
1094 2389 1201 2450 soluta
1224 2408 1302 2450 uero

84 2491 190 2575 alege
215 2493 277 2555 uiri
302 2490 499 2576 Christoque
523 2493 655 2557 liberius
680 2496 790 2558 iuncta
806 2497 838 2558 in
854 2495 1027 2579 proposito
1045 2495 1173 2571 uiduali,
1198 2497 1303 2558 minus

83 2599 142 2662 iam
164 2621 280 2664 curare
305 2603 415 2683 coepit
439 2602 481 2664 de
505 2623 586 2684 agro
610 2605 683 2677 ist0,
707 2604 762 2665 ubi
786 2602 899 2666 Adam
922 2606 955 2666 in
979 2606 1099 2666 sudore
1124 2604 1231 2666 uultus
1255 2605 1302 2665 sui

59 2711 222 2771 20comedit
244 2730 367 2792 panem
391 2732 493 2773 suum.
517 2713 588 2793 ipse
611 2712 734 2794 quippe
758 2732 908 2794 sponsus
933 2714 983 2775 cui
999 2714 1156 2795 deinceps
1172 2713 1302 2795 placere

93 2818 318 2891 contendebat,
349 2818 481 2881 alterius
512 2820 680 2881 cuiusdam
712 2821 782 2901 agri
814 2820 1010 2882 desiderium
1042 2821 1133 2882 cordi
1165 2822 1232 2881 eius
1260 2821 1303 2882 in·

92 2924 277 3003 spirauerat,
306 2924 389 2987 illius
412 2926 562 2987 nimirum
586 2927 673 3006 agri,
700 2946 799 3007 quem
823 2948 882 3007 per
905 2927 1094 3009 psalmistae
1119 2947 1235 2989 uocem
1259 2929 1303 2990 in-

84 3031 183 3094 sinuat
214 3035 343 3095 dicens:
374 3044 405 3095 et
426 3032 637 3115 pulchn'tudo
667 3034 744 3115 agn'
771 3055 892 3096 mecum
923 3045 977 3096 est.
1007 3055 1083 3097 uere
1107 3035 1194 3117 apud
1218 3055 1302 3110 eum,

79 3141 129 3217 qui
159 3140 269 3203 lucem
300 3139 428 3202 habitat
457 3141 733 3217 inaccessibilem,
765 3142 842 3222 quia
872 3162 933 3204 nec
967 3141 1079 3204 oculus
1112 3143 1209 3217 uidit,
1240 3163 1302 3206 nec

49 3250 159 3311 samis
183 3249 326 3322 audiuit,
349 3269 410 3311 nec
433 3249 466 3310 in
490 3268 547 3311 cor
570 3248 710 3311 hominis
734 3250 899 3324 ascendit,
930 3270 1014 3330 quae
1039 3251 1081 3311 sit
1105 3250 1158 3312 illa
1182 3250 1301 3313 exube-

75 3374 147 3417 rans
171 3354 346 3438 plenitudo
370 3358 547 3437 gratiarum
571 3358 715 3418 omnium
740 3358 772 3419 in
796 3359 1005 3439 possessione
1029 3378 1189 3440 supernae
1213 3357 1301 3420 here-

75 3463 204 3537 ditatis,
236 3484 336 3544 quam
366 3464 602 3526 inaestimabile
634 3466 734 3527 decus
765 3465 848 3527 illius
872 3463 1137 3547 pulchritudinis!
1168 3443 1209 3528 de
1237 3464 1301 3528 hoc

73 3592 155 3652 agro
188 3572 324 3634 dicitur:
354 3570 570 3633 considerauit
595 3592 727 3652 agrum,
757 3573 886 3635 eremit
907 3594 985 3634 eum.
1017 3574 1107 3653 quod
1132 3594 1211 3636 uero
1235 3595 1301 3637 non

73 3679 268 3763 simpliciter
291 3679 410 3740 uidisse
435 3679 494 3740 sed
518 3679 745 3741 considerasse
769 3679 968 3762 perhibetur,
993 3681 1096 3743 maior
1112 3682 1318 3770 intentionis

48 3788 140 3849 uetus
167 3786 338 3867 diligentia
361 3787 564 3869 exprimitur.
595 3806 670 3848 nam
695 3788 875 3849 secundum
899 3787 1088 3864 Danielem,
1119 3790 1223 3851 uirum
1247 3790 1300 3851 de·

72 3895 287 3968 sideriorum,
317 3914 374 3956 cor
404 3914 499 3955 suum
531 3894 642 3976 posuit
670 3893 713 3955 ad
744 3894 1009 3975 intelligendum,
1041 3916 1125 3976 quae
1156 3898 1220 3959 sint
1246 3896 1300 3958 illa

72 4002 161 4063 uitae
194 4000 347 4081 perennis
377 4000 513 4080 gaudia,
545 4002 617 4082 quis
647 3999 700 4063 ille
731 4022 812 4082 ager
842 4002 874 4063 in
903 4011 991 4064 terra
1019 4004 1214 4079 uiuentium,
1244 4005 1300 4085 qui

73 4116 234 4170 uacantes
256 4117 290 4170 et
312 4108 483 4171 laudantes
506 4108 616 4171 Deum
647 4110 717 4172 sine
740 4107 957 4172 sollicitudine
981 4131 1039 4172 seu
1063 4109 1175 4173 labore
1198 4112 1299 4173 totius

75 4214 222 4277 culturae
245 4216 347 4278 nutrit
369 4217 402 4277 in
425 4225 629 4299 perpetuum.
660 4218 766 4299 ipsam
790 4225 901 4279 autem
933 4218 1212 4281 considerationis
1226 4240 1299 4301 pro·

46 4347 67 4383 ³⁵
76 4324 250 4403 prietatem
274 4322 335 4386 alia
358 4323 528 4387 translatio
552 4326 740 4410 expressius
762 4324 903 4401 indicat,
934 4326 1142 4389 ubidicitur:
1174 4327 1298 4410 prospi-

182 4477 224 4527 23.
244 4466 283 4515 Ps.
303 4481 345 4531 49,
369 4478 407 4515 11.
