3167 5025
217 452 270 515 ΙΙΙ.
296 453 348 514 De
373 452 525 516 conuiuio
550 450 674 533 angelis
698 470 757 533 per
782 449 954 513 Abraham
978 449 1135 513 exhibite.

203 546 272 623 IIII.
297 560 349 623 De
373 558 472 634 Loth,
496 559 635 641 qualiter
658 558 796 641 angelos
820 560 1008 642 susceperit.

229 668 271 730 V.
296 668 348 730 De
372 664 577 729 Abimelech.

211 776 270 839 VI.
296 776 347 837 De
366 775 470 855 Jacob
495 774 648 837 luctante.

106 911 118 947 s
158 876 162 881 ’
193 883 268 945 VII.
294 882 346 945 De
370 882 514 945 Balaam.

180 990 267 1053 VIII.
294 991 345 1053 De
369 991 537 1054 Gedeone.

166 1098 269 1162 VIIIL
295 1098 378 1161 Item
402 1098 489 1159 unde
514 1118 621 1179 supra.

228 1208 270 1269 X.
296 1206 347 1268 De
372 1205 499 1268 Manue.

213 1314 271 1377 XI.
297 1314 348 1377 De
371 1312 477 1395 prima
499 1313 590 1375 uerbi
613 1312 771 1375 incarnati
795 1314 1013 1394 susceptione.

87 1449 113 1473 10
194 1422 267 1485 XII.
293 1422 344 1483 De
368 1420 530 1483 Simeone.

177 1529 267 1593 XIII.
292 1528 344 1590 De
368 1526 548 1601 Matthae0,
574 1527 713 1609 qualiter
736 1528 917 1589 Dominum
942 1528 1122 1610 susceperit
1145 1526 1299 1611 hospitio.

162 1636 269 1700 XIIII.
295 1635 346 1697 De
369 1634 484 1716 regulo
508 1643 542 1696 et
566 1635 764 1697 centurione.

189 1745 267 1808 XV.
293 1741 442 1823 Qualiter¹
471 1762 491 1804 a
521 1741 736 1805 Samaritanis
775 1742 882 1824 primo
922 1746 1133 1824 contemptus
1172 1750 1205 1804 et
1242 1752 1362 1825 postea

345 1858 518 1931 susceptus
546 1850 587 1911 sit
612 1850 783 1911 Dominus
1203 1828 1207 1833 ⁴
1339 1848 1354 1855 ”

90 1991 113 2027 15
175 1959 269 2023 XVI.
296 1958 347 2021 De
371 1956 503 2019 Martha
526 1965 559 2019 et
584 1956 697 2019 Maria.

129 2052 131 2059 ’
159 2066 270 2131 XVII.
295 2066 347 2127 De
372 2064 552 2136 Zacchae0.

146 2174 269 2240 XVIII.
296 2172 444 2255 Qualiter
481 2172 671 2234 imminente
710 2171 872 2254 passionis
918 2192 995 2233 suae
1044 2179 1193 2254 tempore
1240 2172 1361 2265 suscipi

345 2278 484 2342 uoluerit
507 2280 667 2342 dominus.

134 2390 265 2453 XVIIII.
291 2388 379 2470 Quid
404 2388 490 2451 circa
514 2396 763 2470 contemptores
788 2387 982 2450 uisitationis
1006 2409 1084 2450 suae
1108 2390 1220 2469 egerit.

99 2527 123 2552 20
192 2497 268 2561 XX.
294 2495 371 2579 Quo
395 2505 556 2580 apparatu
581 2496 624 2559 ad
648 2494 882 2560 celebrandum
905 2494 1033 2559 Pascha
1055 2503 1228 2579 susceptus
1252 2496 1301 2558 sit.

567 2783 881 2846 CAPITVLVM
905 2783 927 2844 l.

140 2955 290 3034 Qualiter
316 2958 373 3019 uel
403 2957 538 3018 occulta
567 2957 624 3017 uel
654 2955 839 3018 manifesta
868 2954 1018 3017 uisitatio
1049 2953 1114 3016 Dei
1144 2953 1362 3033 suscipiatur.

239 3143 311 3206 Filii
342 3142 423 3206 Sion
453 3141 554 3204 incliti
585 3150 618 3204 et
650 3142 759 3204 amicti
791 3162 871 3204 auro
902 3143 1026 3224 primo!
1058 3140 1175 3203 uellem
1206 3127 1364 3233 eulogicis

129 3252 300 3335 paulisper
331 3251 373 3312 ad
405 3271 466 3312 uos
497 3251 543 3312 uti
572 3249 721 3331 alloquiis
745 3249 821 3311 stilo
845 3249 1074 3330 qualicumque
1099 3249 1210 3324 editis,
1241 3248 1365 3337 siqua

94 3385 118 3420 2⁵
129 3359 210 3422 mihi
234 3359 306 3421 sani
329 3367 363 3420 et
387 3357 454 3420 sale
479 3358 603 3421 conditi
622 3358 781 3440 aspiraret
798 3359 905 3439 gratia
920 3359 1088 3443 sermonis.
1104 3355 1238 3419 confido
1254 3365 1365 3443 tamen

128 3469 173 3530 de
198 3464 396 3548 peruulgata
419 3464 570 3527 omnibus
586 3464 780 3546 prudentiae
798 3473 926 3527 uestrae
943 3465 1115 3538 modestia,
1138 3463 1229 3545 quod
1246 3483 1365 3544 nequa-

126 3581 233 3656 quam
265 3591 407 3634 onerosa
438 3571 533 3634 uobis
563 3571 646 3634 haec
677 3573 865 3635 deuotionis
896 3579 990 3634 meae
1022 3573 1172 3634 uideatur
1199 3570 1366 3646 sedulitas,

126 3699 234 3763 quam
258 3677 402 3742 fraterna
424 3677 562 3761 impellit
585 3689 619 3741 et
642 3689 781 3743 excusat
805 3681 933 3742 caritas
1151 3764 1155 3769 .

241 3776 407 3867 Equidem
424 3785 636 3868 congratulor
659 3787 854 3849 beatitudini
878 3794 1009 3849 uestrae
1025 3787 1099 3850 Deo
1123 3796 1157 3849 et
1180 3785 1367 3850 hominibus

90 3927 117 3962 30
128 3894 286 3967 dilectae,
311 3894 531 3986 condelector!
546 3895 712 3957 sanctitati
737 3905 876 3969 uestrae,
899 3894 932 3957 in
956 3903 1115 3976 quantum
1132 3891 1310 3981 peccatori·
1325 3895 1368 3957 de

129 3983 321 4066 sanctitatis
337 3997 564 4064 aestimatione
588 4001 686 4064 datur
710 4003 838 4064 sentire.
863 4002 1020 4084 exemplo
1045 4003 1130 4064 enim
1155 4003 1223 4064 ueri
1234 4000 1368 4086 Joseph,

130 4111 178 4173 de
213 4129 280 4189 quo
299 4108 403 4188 Jacob
436 4097 536 4171 lilium
567 4109 796 4171 benedicendo
820 4118 1024 4191 protestatur
1046 4110 1174 4172 dicens:
1198 4105 1297 4192 filius
1319 4129 1369 4170 ac·-

71 4235 75 4240 ·
133 4237 278 4280 crescens
305 4215 441 4308 Joseplc,
464 4215 564 4300 filius
590 4237 784 4289 accrescens,
816 4217 1037 4300 spiritualibus
1060 4219 1125 4279 iam
1149 4214 1272 4279 dudum
1297 4196 1368 4302 pro-

175 4345 176 4348 *
248 4371 289 4407 22.
310 4359 359 4407 Pro
378 4359 427 4408 hoc
449 4360 539 4423 capitis
564 4359 638 4408 titulo
664 4361 689 4408 in
714 4360 770 4408 c'od.
797 4368 835 4408 est
860 4361 938 4408 totius
963 4359 1076 4423 opusculi
1101 4358 1188 4408 titulus
1215 4360 1271 4407 »De
1296 4336 1369 4409 susci·

138 4447 237 4514 plendo
256 4447 330 4498 deo«.
351 4477 386 4484 -
406 4459 448 4512 33.
469 4450 534 4498 Gen.
554 4464 596 4514 49,
617 4461 659 4498 22.

1194 4535 1227 4584 Ι*
