3167 5025
688 796 1005 905 TllTONlS

237 1042 468 1138 tritulus
499 1045 548 1136 llll
579 1045 619 1135 ΙΝ
649 1043 830 1136 lllllllill
860 1043 1018 1136 SEPTEM
1049 1042 1230 1134 lRllRllll
1262 1039 1489 1133 llllllRllll

345 1222 521 1314 stultit
550 1221 807 1314 llllClllTlS
837 1221 911 1314 tll
940 1219 1120 1313 Ellllllll
1150 1220 1360 1340 EPISTULA.

769 1449 928 1456 *m

838 1630 859 1692 Ι.

343 1785 490 1898 Hodie,
521 1823 636 1886 fratres
667 1827 841 1900 carissimi,
873 1825 1012 1889 fecunda
1044 1833 1149 1888 mater
1176 1833 1208 1886 et
1232 1822 1313 1885 felix
1339 1833 1503 1904 martyrs

237 1930 389 1994 Felicitas
413 1931 622 1995 fecunditatis
645 1946 724 1995 s'uac
747 1932 887 1996 fructum
912 1933 953 1996 de
978 1935 1071 1998 terris
1088 1933 1130 1994 ad
1147 1931 1257 1994 caelos
1274 1933 1453 2003 transmisit,

236 2039 334 2103 hodie
358 2041 441 2101 uteri
465 2041 513 2102 sui
536 2050 571 2102 et
594 2041 817 2123 septemplicis
835 2043 983 2122 martyrii
999 2040 1094 2104 fidele
1112 2040 1300 2122 depositum
1319 2039 1452 2100 Domino

236 2148 496 2221 commendauit,
527 2147 625 2209 hodie
657 2167 799 2230 superna
830 2147 884 2210 illa
907 2147 1128 2221 Hierusalem,
1160 2167 1244 2228 quae
1275 2155 1328 2206 est
1362 2155 1459 2207 mater

238 2262 367 2328 nostra,
399 2255 494 2316 matri
525 2253 599 2317 huic
630 2257 780 2336 gaudens
811 2265 844 2317 et
875 2257 1057 2337 tripudians
1081 2255 1210 2328 obuiat,
1242 2262 1464 2335 susceptaque
1577 2245 1578 2312 l

238 2361 321 2422 illius
351 2362 489 2444 pignera
519 2370 687 2424 maternae
718 2345 898 2424 dulcedinis
929 2363 1056 2443 gremio
1094 2361 1228 2424 refouet.
1267 2363 1339 2442 ipse
1374 2361 1466 2422 Deus
1477 2379 1501 2404 ¹0
1577 2335 1578 2408 l

237 2469 343 2531 omnis
367 2469 493 2549 gratiae
516 2477 549 2531 et
573 2468 748 2551 spiritualis
779 2469 900 2532 arbiter
923 2468 1055 2532 militiae
1085 2467 1183 2531 hodie
1208 2467 1355 2549 gloriosa
1380 2466 1468 2531 bella

237 2577 432 2639 certantium
457 2578 611 2659 respexit,
635 2578 774 2639 sudores
797 2577 1015 2641 laborantium
1039 2578 1175 2640 detersit
1195 2597 1233 2639 ac
1250 2575 1467 2657 refrigerauit,
1577 2604 1578 2657 i

237 2692 270 2745 et
308 2682 594 2745 immarcescibiles
632 2693 785 2747 aeternae
824 2684 949 2766 gloriae
987 2704 1127 2748 coronas
1169 2682 1467 2767 triumphatoribus

235 2791 412 2871 dignanter
435 2791 620 2873 impertiuit
644 2810 844 2873 quamquam
868 2792 968 2873 igitur
989 2792 1073 2855 inter
1095 2793 1196 2875 ipsius
1212 2792 1332 2855 beatae
1348 2794 1466 2853 matris
1577 2804 1578 2865 j

180 2915 183 2920 ’
235 2899 428 2981 praeconia,
458 2919 543 2980 quae
566 2899 630 2960 iam
653 2899 783 2981 pridem
807 2918 826 2963 a
849 2900 944 2963 nobis
968 2900 1057 2971 edita
1080 2908 1171 2974 sunt,
1200 2900 1298 2961 etiam
1323 2898 1498 2961 filiorum1s

235 3007 304 3068 eius
328 3005 441 3069 laudes
464 3026 532 3069 non
556 3007 769 3082 omiserimus,
792 3006 873 3069 libet
896 3016 1008 3070 tamen
1032 3008 1157 3071 eisdem
1180 3009 1289 3070 denuo
1313 3008 1466 3088 repetitis

234 3111 366 3176 liberius
390 3114 544 3197 occupari
575 3122 609 3175 et
632 3115 803 3177 iucundius
828 3114 995 3179 oblectari.
1027 3117 1132 3197 exigit
1155 3116 1241 3177 enim
1264 3113 1329 3177 hoc
1361 3116 1466 3177 uicto

234 3221 340 3283 riosae
364 3222 526 3303 passionis
550 3242 664 3284 eorum
695 3222 845 3285 reuoluta
868 3222 1086 3298 sollemnitas
1118 3242 1201 3305 quae
1224 3221 1388 3284 hodierna
1411 3223 1463 3284 die

234 3327 333 3408 longe
356 3327 487 3411 lateque
512 3330 715 3392 credentium
737 3329 893 3393 laetificat
916 3332 1048 3394 animas
1074 3330 1226 3412 equidem
1250 3330 1294 3391 ob
1319 3330 1458 3395 filiorum

234 3434 285 3497 uel
316 3436 418 3517 ipsius
448 3438 562 3499 matris
593 3439 911 3500 consummationem
943 3440 1055 3500 uotiua
1086 3439 1236 3519 geminae
1260 3437 1453 3501 celebritatis
1462 3456 1482 3479 ²⁰

233 3541 354 3622 gaudia
377 3543 508 3605 diuerso
532 3552 683 3626 tempore
707 3544 853 3619 colimus
877 3544 936 3607 sed
961 3546 1044 3607 sicut
1067 3546 1150 3607 inter
1171 3552 1309 3607 matrem
1326 3554 1360 3607 et
1377 3544 1457 3609 filios

232 3648 387 3711 naturalis
420 3659 470 3712 est
503 3652 608 3714 carnis
641 3660 675 3713 et
707 3653 874 3733 sanguinis
898 3653 1142 3736 propinquitas,
1175 3655 1221 3715 ita
1253 3662 1286 3715 et
1319 3653 1460 3736 duplicis

232 3753 325 3817 huius
342 3754 526 3819 festiuitatis
543 3778 665 3839 magna
680 3758 873 3821 altrinsecus
893 3761 1055 3823 inuenitur
1071 3758 1218 3823 affinitas
1243 3781 1303 3843 per
1319 3770 1460 3824 matrem

232 3864 354 3945 quippe
379 3861 433 3923 filii
457 3874 664 3940 coronantur,
687 3866 767 3927 dum
791 3868 859 3928 eius
883 3868 1065 3930 eruditione
1089 3866 1141 3929 uel
1166 3866 1400 3930 exhortatione
1417 3868 1459 3930 ad

231 3970 394 4052 passionis
418 3969 626 4033 tolerantiam
649 3972 860 4035 roborantur.'
886 3975 919 4035 in
942 3972 1014 4036 filiis
1038 3994 1170 4054 quoque
1197 3983 1302 4035 mater
1326 3976 1459 4056 patitur,
1470 4001 1493 4036 2⁵

232 4078 310 4137 dum
342 4079 488 4157 martyrii
520 4098 632 4140 eorum
663 4079 775 4160 gladio
807 4079 1009 4142 inuisibiliter
1040 4080 1331 4143 transuerberatur.
1365 4090 1399 4143 et
1432 4083 1459 4143 si

231 4191 370 4245 matrem
409 4193 477 4245 tam
516 4185 699 4246 sanctitatis
737 4184 939 4266 perfectione
974 4205 1072 4267 quam
1112 4188 1229 4249 aetatis
1267 4190 1459 4251 maturitate

230 4299 423 4371 prouectam
446 4291 601 4353 naturalis
625 4290 678 4352 ille
702 4291 838 4354 affectus
860 4294 892 4355 in
909 4302 1015 4354 morte
1028 4292 1170 4355 'filiorum
1187 4295 1271 4357 adeo
1288 4296 1458 4375 tangebat,
1575 4374 1576 4377 Ἴ

231 4407 265 4459 ut
297 4400 418 4480 septies
449 4400 482 4459 iu
515 4400 560 4460 eis
591 4420 690 4480 passa
721 4400 888 4462 uerissime
920 4400 1062 4476 dicatur,
1099 4403 1169 4482 quis
1204 4422 1270 4463 non
1306 4404 1460 4465 aestimet
