<?xml version="1.0" encoding="UTF-8"?>
<!DOCTYPE html PUBLIC "-//W3C//DTD XHTML 1.0 Transitional//EN"
    "http://www.w3.org/TR/xhtml1/DTD/xhtml1-transitional.dtd">
<html xmlns="http://www.w3.org/1999/xhtml" xml:lang="en" lang="en">
 <head>
  <title>
</title>
<meta http-equiv="Content-Type" content="text/html;charset=utf-8" />
  <meta name='ocr-system' content='tesseract 3.04.00' />
  <meta name='ocr-capabilities' content='ocr_page ocr_carea ocr_par ocr_line ocrx_word'/>
</head>
<body>
  <div class='ocr_page' id='page_1' title='image "./tutonismonachio00rubagoog_0064.png"; bbox 0 0 3167 5025; ppageno 0'>
   <div class='ocr_carea' id='block_1_1' title="bbox 239 248 321 338">
    <p class='ocr_par' dir='ltr' id='par_1_1' title="bbox 239 248 321 338">
     <span class='ocr_line' id='line_1_1' title="bbox 239 248 321 338; baseline -0.012 0"><span class='ocrx_word' id='word_1_1' title='bbox 239 248 321 338; x_wconf 69' lang='grc'>’.59</span> 
     </span>
    </p>
   </div>
   <div class='ocr_carea' id='block_1_2' title="bbox 275 442 1556 2027">
    <p class='ocr_par' dir='ltr' id='par_1_2' title="bbox 275 442 1556 2027">
     <span class='ocr_line' id='line_1_2' title="bbox 281 442 1500 525; baseline -0.001 -21"><span class='ocrx_word' id='word_1_2' title='bbox 281 442 451 524; x_wconf 82' lang='lat' dir='ltr'><em>disponens</em></span> <span class='ocrx_word' id='word_1_3' title='bbox 486 442 601 517; x_wconf 67' lang='lat' dir='ltr'><em>onemo.</em></span> <span class='ocrx_word' id='word_1_4' title='bbox 640 442 752 505; x_wconf 75' lang='lat' dir='ltr'><em>etem&#39;m</em></span> <span class='ocrx_word' id='word_1_5' title='bbox 783 443 815 504; x_wconf 90' lang='lat' dir='ltr'><em>si</em></span> <span class='ocrx_word' id='word_1_6' title='bbox 836 445 1090 525; x_wconf 79' lang='lat' dir='ltr'><em>peccauertinns,</em></span> <span class='ocrx_word' id='word_1_7' title='bbox 1129 443 1178 505; x_wconf 85' lang='lat' dir='ltr'><em>tni</em></span> <span class='ocrx_word' id='word_1_8' title='bbox 1212 464 1341 513; x_wconf 84' lang='lat' dir='ltr'><em>snmus,</em></span> <span class='ocrx_word' id='word_1_9' title='bbox 1380 443 1500 504; x_wconf 70' lang='lat' dir='ltr'><em>sennim</em></span> 
     </span>
     <span class='ocr_line' id='line_1_3' title="bbox 281 549 1500 632; baseline -0.001 -20"><span class='ocrx_word' id='word_1_10' title='bbox 281 550 535 632; x_wconf 77' lang='lat' dir='ltr'><em>magnitudinem</em></span> <span class='ocrx_word' id='word_1_11' title='bbox 567 560 674 611; x_wconf 79' lang='lat' dir='ltr'><em>triam:</em></span> <span class='ocrx_word' id='word_1_12' title='bbox 704 561 734 612; x_wconf 80' lang='lat' dir='ltr'><em>et</em></span> <span class='ocrx_word' id='word_1_13' title='bbox 762 550 795 611; x_wconf 86' lang='lat' dir='ltr'><em>si</em></span> <span class='ocrx_word' id='word_1_14' title='bbox 819 572 880 612; x_wconf 90' lang='lat' dir='ltr'><em>non</em></span> <span class='ocrx_word' id='word_1_15' title='bbox 905 550 1159 632; x_wconf 75' lang='lat' dir='ltr'><em>peccnnemmm,</em></span> <span class='ocrx_word' id='word_1_16' title='bbox 1190 550 1325 621; x_wconf 84' lang='lat' dir='ltr'><em>scimus,</em></span> <span class='ocrx_word' id='word_1_17' title='bbox 1358 549 1500 630; x_wconf 84' lang='lat' dir='ltr'><em>qnonimn</em></span> 
     </span>
     <span class='ocr_line' id='line_1_4' title="bbox 280 656 1501 740; baseline -0.005 -19"><span class='ocrx_word' id='word_1_18' title='bbox 280 658 372 740; x_wconf 81' lang='lat' dir='ltr'><em>npnd</em></span> <span class='ocrx_word' id='word_1_19' title='bbox 392 668 420 719; x_wconf 85' lang='lat' dir='ltr'><em>te</em></span> <span class='ocrx_word' id='word_1_20' title='bbox 442 678 552 719; x_wconf 83' lang='lat' dir='ltr'><em>snmus</em></span> <span class='ocrx_word' id='word_1_21' title='bbox 575 658 754 739; x_wconf 79' lang='lat' dir='ltr'><em>computati.</em></span> <span class='ocrx_word' id='word_1_22' title='bbox 783 656 848 721; x_wconf 91' lang='lat' dir='ltr'><em>hoc</em></span> <span class='ocrx_word' id='word_1_23' title='bbox 871 667 981 721; x_wconf 90' lang='lat' dir='ltr'><em>autem</em></span> <span class='ocrx_word' id='word_1_24' title='bbox 1006 659 1135 721; x_wconf 88' lang='lat' dir='ltr'><em>cantico</em></span> <span class='ocrx_word' id='word_1_25' title='bbox 1159 666 1236 720; x_wconf 92' lang='lat' dir='ltr'><em>tunc</em></span> <span class='ocrx_word' id='word_1_26' title='bbox 1260 658 1398 720; x_wconf 86' lang='lat' dir='ltr'><em>demum</em></span> <span class='ocrx_word' id='word_1_27' title='bbox 1421 664 1501 717; x_wconf 84' lang='lat' dir='ltr'><em>recte</em></span> 
     </span>
     <span class='ocr_line' id='line_1_5' title="bbox 279 743 1554 848; baseline -0.004 -19"><span class='ocrx_word' id='word_1_28' title='bbox 279 764 446 841; x_wconf 89' lang='lat' dir='ltr'><em>laetificari</em></span> <span class='ocrx_word' id='word_1_29' title='bbox 470 774 598 847; x_wconf 89' lang='lat' dir='ltr'><em>poter0,</em></span> <span class='ocrx_word' id='word_1_30' title='bbox 622 766 649 827; x_wconf 91' lang='lat' dir='ltr'><em>si</em></span> <span class='ocrx_word' id='word_1_31' title='bbox 673 766 715 827; x_wconf 90' lang='lat' dir='ltr'><em>ad</em></span> <span class='ocrx_word' id='word_1_32' title='bbox 740 766 931 848; x_wconf 79' lang='lat' dir='ltr'><em>exemplum</em></span> <span class='ocrx_word' id='word_1_33' title='bbox 947 743 1106 829; x_wconf 74' lang='lat' dir='ltr'><em>Zacchaei</em></span> <span class='ocrx_word' id='word_1_34' title='bbox 1130 767 1267 848; x_wconf 85' lang='lat' dir='ltr'><em>dignum</em></span> <span class='ocrx_word' id='word_1_35' title='bbox 1286 765 1501 848; x_wconf 85' lang='lat' dir='ltr'><em>paenitentiae</em></span> <span class='ocrx_word' id='word_1_36' title='bbox 1552 795 1554 838; x_wconf 55' lang='lat' dir='ltr'><em>g</em></span> 
     </span>
     <span class='ocr_line' id='line_1_6' title="bbox 280 870 1553 955; baseline -0.005 -19"><span class='ocrx_word' id='word_1_37' title='bbox 280 881 317 951; x_wconf 36' lang='lat' dir='ltr'><em>et,</em></span> <span class='ocrx_word' id='word_1_38' title='bbox 337 872 561 949; x_wconf 79' lang='lat' dir='ltr'><em>conuersionis</em></span> <span class='ocrx_word' id='word_1_39' title='bbox 585 870 725 933; x_wconf 90' lang='lat' dir='ltr'><em>fructum</em></span> <span class='ocrx_word' id='word_1_40' title='bbox 749 872 925 935; x_wconf 89' lang='lat' dir='ltr'><em>reddidero</em></span> <span class='ocrx_word' id='word_1_41' title='bbox 932 894 940 951; x_wconf 89' lang='lat'>;</span> <span class='ocrx_word' id='word_1_42' title='bbox 964 874 990 935; x_wconf 89' lang='lat' dir='ltr'><em>si</em></span> <span class='ocrx_word' id='word_1_43' title='bbox 1014 873 1056 936; x_wconf 89' lang='lat' dir='ltr'><em>ab</em></span> <span class='ocrx_word' id='word_1_44' title='bbox 1079 874 1153 955; x_wconf 88' lang='lat' dir='ltr'><em>ipso</em></span> <span class='ocrx_word' id='word_1_45' title='bbox 1177 874 1296 936; x_wconf 90' lang='lat' dir='ltr'><em>domus</em></span> <span class='ocrx_word' id='word_1_46' title='bbox 1320 892 1418 935; x_wconf 88' lang='lat' dir='ltr'><em>meae</em></span> <span class='ocrx_word' id='word_1_47' title='bbox 1441 871 1519 931; x_wconf 70' lang='lat' dir='ltr'><em>uisi-s</em></span> <span class='ocrx_word' id='word_1_48' title='bbox 1552 903 1553 910; x_wconf 24' lang='grc' dir='ltr'><strong>κ</strong></span> 
     </span>
     <span class='ocr_line' id='line_1_7' title="bbox 280 979 1501 1059; baseline -0.004 -16"><span class='ocrx_word' id='word_1_49' title='bbox 280 989 388 1043; x_wconf 87' lang='lat' dir='ltr'><em>tatore</em></span> <span class='ocrx_word' id='word_1_50' title='bbox 420 980 531 1041; x_wconf 88' lang='lat' dir='ltr'><em>audire</em></span> <span class='ocrx_word' id='word_1_51' title='bbox 563 998 729 1054; x_wconf 85' lang='lat' dir='ltr'><em>meruero:</em></span> <span class='ocrx_word' id='word_1_52' title='bbox 760 979 845 1059; x_wconf 80' lang='lat' dir='ltr'><em>qm&#39;o</em></span> <span class='ocrx_word' id='word_1_53' title='bbox 859 979 953 1041; x_wconf 71' lang='lat' dir='ltr'><em>nodz&#39;e</em></span> <span class='ocrx_word' id='word_1_54' title='bbox 975 980 1066 1042; x_wconf 87' lang='lat' dir='ltr'><em>salus</em></span> <span class='ocrx_word' id='word_1_55' title='bbox 1088 980 1200 1043; x_wconf 82' lang='lat' dir='ltr'><em>domni</em></span> <span class='ocrx_word' id='word_1_56' title='bbox 1228 979 1304 1043; x_wconf 79' lang='lat' dir='ltr'><em>linic</em></span> <span class='ocrx_word' id='word_1_57' title='bbox 1327 981 1429 1059; x_wconf 82' lang='lat' dir='ltr'><em>sacto</em></span> <span class='ocrx_word' id='word_1_58' title='bbox 1457 988 1501 1039; x_wconf 83' lang='lat' dir='ltr'><em>est.</em></span> 
     </span>
     <span class='ocr_line' id='line_1_8' title="bbox 280 1084 1500 1171; baseline -0.004 -21"><span class='ocrx_word' id='word_1_59' title='bbox 280 1090 387 1171; x_wconf 90' lang='lat' dir='ltr'><em>prima</em></span> <span class='ocrx_word' id='word_1_60' title='bbox 409 1088 495 1163; x_wconf 89' lang='lat' dir='ltr'><em>enim</em></span> <span class='ocrx_word' id='word_1_61' title='bbox 520 1086 631 1149; x_wconf 93' lang='lat' dir='ltr'><em>domui</em></span> <span class='ocrx_word' id='word_1_62' title='bbox 655 1084 729 1148; x_wconf 87' lang='lat' dir='ltr'><em>huic</em></span> <span class='ocrx_word' id='word_1_63' title='bbox 753 1086 842 1149; x_wconf 88' lang='lat' dir='ltr'><em>salus</em></span> <span class='ocrx_word' id='word_1_64' title='bbox 864 1089 1025 1169; x_wconf 86' lang='lat' dir='ltr'><em>prouenit,</em></span> <span class='ocrx_word' id='word_1_65' title='bbox 1053 1108 1127 1150; x_wconf 91' lang='lat' dir='ltr'><em>cum</em></span> <span class='ocrx_word' id='word_1_66' title='bbox 1151 1088 1386 1150; x_wconf 89' lang='lat' dir='ltr'><em>ecclesiasticis</em></span> <span class='ocrx_word' id='word_1_67' title='bbox 1411 1106 1500 1147; x_wconf 88' lang='lat' dir='ltr'><em>sacra·</em></span> 
     </span>
     <span class='ocr_line' id='line_1_9' title="bbox 281 1192 1499 1275; baseline -0.005 -17"><span class='ocrx_word' id='word_1_68' title='bbox 281 1195 399 1273; x_wconf 89' lang='lat' dir='ltr'><em>mentis</em></span> <span class='ocrx_word' id='word_1_69' title='bbox 423 1194 565 1275; x_wconf 81' lang='lat' dir='ltr'><em>prImum</em></span> <span class='ocrx_word' id='word_1_70' title='bbox 588 1192 715 1264; x_wconf 91' lang='lat' dir='ltr'><em>imbuta</em></span> <span class='ocrx_word' id='word_1_71' title='bbox 738 1193 780 1255; x_wconf 89' lang='lat' dir='ltr'><em>ad</em></span> <span class='ocrx_word' id='word_1_72' title='bbox 804 1194 983 1257; x_wconf 88' lang='lat' dir='ltr'><em>diuinitatis</em></span> <span class='ocrx_word' id='word_1_73' title='bbox 999 1194 1123 1257; x_wconf 91' lang='lat' dir='ltr'><em>cultum</em></span> <span class='ocrx_word' id='word_1_74' title='bbox 1134 1194 1284 1258; x_wconf 70' lang='lat' dir='ltr'><em>‚dedicari</em></span> <span class='ocrx_word' id='word_1_75' title='bbox 1299 1194 1429 1257; x_wconf 88' lang='lat' dir='ltr'><em>meruit.</em></span> <span class='ocrx_word' id='word_1_76' title='bbox 1452 1192 1499 1253; x_wconf 88' lang='lat' dir='ltr'><em>sed</em></span> 
     </span>
     <span class='ocr_line' id='line_1_10' title="bbox 281 1300 1499 1385; baseline -0.003 -20"><span class='ocrx_word' id='word_1_77' title='bbox 281 1304 358 1385; x_wconf 84' lang='lat' dir='ltr'><em>quia</em></span> <span class='ocrx_word' id='word_1_78' title='bbox 381 1303 527 1384; x_wconf 88' lang='lat' dir='ltr'><em>peccatis</em></span> <span class='ocrx_word' id='word_1_79' title='bbox 552 1301 778 1382; x_wconf 81' lang='lat' dir='ltr'><strong>exigentibus,</strong></span> <span class='ocrx_word' id='word_1_80' title='bbox 806 1302 900 1363; x_wconf 89' lang='lat' dir='ltr'><em>iuxta</em></span> <span class='ocrx_word' id='word_1_81' title='bbox 923 1302 1014 1382; x_wconf 91' lang='lat' dir='ltr'><em>quod</em></span> <span class='ocrx_word' id='word_1_82' title='bbox 1037 1300 1418 1384; x_wconf 73' lang='lat' dir='ltr'><em>Hieremias‘deplorat:</em></span> <span class='ocrx_word' id='word_1_83' title='bbox 1447 1312 1499 1379; x_wconf 68' lang='lat' dir='ltr'><em>np-</em></span> 
     </span>
     <span class='ocr_line' id='line_1_11' title="bbox 275 1407 1522 1492; baseline -0.005 -20"><span class='ocrx_word' id='word_1_84' title='bbox 275 1409 366 1492; x_wconf 77' lang='lat' dir='ltr'><em>pulit</em></span> <span class='ocrx_word' id='word_1_85' title='bbox 387 1409 548 1471; x_wconf 81' lang='lat' dir='ltr'><em>Dominus</em></span> <span class='ocrx_word' id='word_1_86' title='bbox 571 1408 676 1471; x_wconf 80' lang='lat' dir='ltr'><em>altore</em></span> <span class='ocrx_word' id='word_1_87' title='bbox 698 1429 808 1479; x_wconf 82' lang='lat' dir='ltr'><em>snum,</em></span> <span class='ocrx_word' id='word_1_88' title='bbox 840 1407 1015 1478; x_wconf 80' lang='lat' dir='ltr'><em>maledixit</em></span> <span class='ocrx_word' id='word_1_89' title='bbox 1034 1408 1288 1491; x_wconf 80' lang='lat' dir='ltr'><em>soiictificationi</em></span> <span class='ocrx_word' id='word_1_90' title='bbox 1307 1430 1406 1479; x_wconf 83' lang='lat' dir='ltr'><em>suae,</em></span> <span class='ocrx_word' id='word_1_91' title='bbox 1436 1415 1499 1487; x_wconf 83' lang='lat' dir='ltr'><em>eget</em></span> <span class='ocrx_word' id='word_1_92' title='bbox 1507 1429 1522 1453; x_wconf 78' lang='lat'><em>10</em></span> 
     </span>
     <span class='ocr_line' id='line_1_12' title="bbox 281 1514 1498 1598; baseline -0.006 -17"><span class='ocrx_word' id='word_1_93' title='bbox 281 1518 400 1581; x_wconf 91' lang='lat' dir='ltr'><em>domus</em></span> <span class='ocrx_word' id='word_1_94' title='bbox 416 1518 495 1595; x_wconf 36' lang='lat' dir='ltr'><em>,ista</em></span> <span class='ocrx_word' id='word_1_95' title='bbox 523 1515 758 1577; x_wconf 86' lang='lat' dir='ltr'><em>instauratione</em></span> <span class='ocrx_word' id='word_1_96' title='bbox 790 1514 842 1577; x_wconf 86' lang='lat' dir='ltr'><em>uel</em></span> <span class='ocrx_word' id='word_1_97' title='bbox 866 1515 1139 1590; x_wconf 78' lang='lat' dir='ltr'><em>reconciliatione,</em></span> <span class='ocrx_word' id='word_1_98' title='bbox 1162 1536 1247 1596; x_wconf 88' lang='lat' dir='ltr'><em>quae</em></span> <span class='ocrx_word' id='word_1_99' title='bbox 1278 1514 1315 1583; x_wconf 83' lang='lat' dir='ltr'><em>fit</em></span> <span class='ocrx_word' id='word_1_100' title='bbox 1348 1536 1410 1598; x_wconf 88' lang='lat' dir='ltr'><em>per</em></span> <span class='ocrx_word' id='word_1_101' title='bbox 1438 1534 1498 1576; x_wconf 90' lang='lat' dir='ltr'><em>con·</em></span> 
     </span>
     <span class='ocr_line' id='line_1_13' title="bbox 283 1621 1499 1707; baseline -0.003 -20"><span class='ocrx_word' id='word_1_102' title='bbox 283 1644 400 1707; x_wconf 85' lang='lat' dir='ltr'><em>gruam</em></span> <span class='ocrx_word' id='word_1_103' title='bbox 424 1623 645 1705; x_wconf 88' lang='lat' dir='ltr'><em>paenitentiae</em></span> <span class='ocrx_word' id='word_1_104' title='bbox 669 1621 926 1685; x_wconf 82' lang='lat' dir='ltr'><em>satisfactionem</em></span> <span class='ocrx_word' id='word_1_105' title='bbox 951 1632 984 1685; x_wconf 90' lang='lat' dir='ltr'><em>et</em></span> <span class='ocrx_word' id='word_1_106' title='bbox 1010 1642 1137 1685; x_wconf 90' lang='lat' dir='ltr'><em>morum</em></span> <span class='ocrx_word' id='word_1_107' title='bbox 1154 1623 1431 1687; x_wconf 83' lang='lat' dir='ltr'><em>emendationem.</em></span> <span class='ocrx_word' id='word_1_108' title='bbox 1454 1642 1499 1703; x_wconf 88' lang='lat' dir='ltr'><em>per</em></span> 
     </span>
     <span class='ocr_line' id='line_1_14' title="bbox 281 1728 1498 1818; baseline -0.005 -24"><span class='ocrx_word' id='word_1_109' title='bbox 281 1734 389 1814; x_wconf 85' lang='lat' dir='ltr'><em>ipsum</em></span> <span class='ocrx_word' id='word_1_110' title='bbox 420 1751 501 1811; x_wconf 86' lang='lat' dir='ltr'><em>ergo</em></span> <span class='ocrx_word' id='word_1_111' title='bbox 525 1729 582 1791; x_wconf 90' lang='lat' dir='ltr'><em>fiat</em></span> <span class='ocrx_word' id='word_1_112' title='bbox 606 1738 720 1793; x_wconf 90' lang='lat' dir='ltr'><em>nostra</em></span> <span class='ocrx_word' id='word_1_113' title='bbox 743 1729 983 1805; x_wconf 87' lang='lat' dir='ltr'><em>reconciliatio,</em></span> <span class='ocrx_word' id='word_1_114' title='bbox 1007 1732 1098 1818; x_wconf 84' lang='lat' dir='ltr'><em>cuius</em></span> <span class='ocrx_word' id='word_1_115' title='bbox 1121 1732 1247 1812; x_wconf 84' lang='lat' dir='ltr'><em>gratiae</em></span> <span class='ocrx_word' id='word_1_116' title='bbox 1271 1732 1381 1812; x_wconf 90' lang='lat' dir='ltr'><em>prima</em></span> <span class='ocrx_word' id='word_1_117' title='bbox 1403 1728 1498 1791; x_wconf 86' lang='lat' dir='ltr'><em>asscri-</em></span> 
     </span>
     <span class='ocr_line' id='line_1_15' title="bbox 280 1836 1556 1918; baseline -0.005 -17"><span class='ocrx_word' id='word_1_118' title='bbox 280 1840 367 1917; x_wconf 87' lang='lat' dir='ltr'><em>bitur</em></span> <span class='ocrx_word' id='word_1_119' title='bbox 391 1838 573 1916; x_wconf 89' lang='lat' dir='ltr'><em>dedicati0;</em></span> <span class='ocrx_word' id='word_1_120' title='bbox 605 1838 660 1918; x_wconf 92' lang='lat' dir='ltr'><em>qui</em></span> <span class='ocrx_word' id='word_1_121' title='bbox 684 1846 735 1899; x_wconf 92' lang='lat' dir='ltr'><em>est</em></span> <span class='ocrx_word' id='word_1_122' title='bbox 759 1838 827 1900; x_wconf 89' lang='lat' dir='ltr'><em>uita</em></span> <span class='ocrx_word' id='word_1_123' title='bbox 851 1836 938 1900; x_wconf 89' lang='lat' dir='ltr'><em>salus</em></span> <span class='ocrx_word' id='word_1_124' title='bbox 962 1847 995 1899; x_wconf 90' lang='lat' dir='ltr'><em>et</em></span> <span class='ocrx_word' id='word_1_125' title='bbox 1018 1839 1229 1913; x_wconf 91' lang='lat' dir='ltr'><em>resurrectio,</em></span> <span class='ocrx_word' id='word_1_126' title='bbox 1257 1839 1396 1901; x_wconf 89' lang='lat' dir='ltr'><em>ueniens</em></span> <span class='ocrx_word' id='word_1_127' title='bbox 1419 1856 1497 1917; x_wconf 88' lang='lat' dir='ltr'><em>quae·</em></span> <span class='ocrx_word' id='word_1_128' title='bbox 1554 1907 1556 1918; x_wconf 21' lang='grc' dir='ltr'>ἱ</span> 
     </span>
     <span class='ocr_line' id='line_1_16' title="bbox 280 1944 1515 2027; baseline -0.007 -17"><span class='ocrx_word' id='word_1_129' title='bbox 280 1967 351 2026; x_wconf 85' lang='lat' dir='ltr'><em>rere</em></span> <span class='ocrx_word' id='word_1_130' title='bbox 375 1953 409 2009; x_wconf 90' lang='lat' dir='ltr'><em>et</em></span> <span class='ocrx_word' id='word_1_131' title='bbox 432 1944 560 2008; x_wconf 93' lang='lat' dir='ltr'><em>saluum</em></span> <span class='ocrx_word' id='word_1_132' title='bbox 583 1944 699 2021; x_wconf 87' lang='lat' dir='ltr'><em>facere,</em></span> <span class='ocrx_word' id='word_1_133' title='bbox 723 1945 813 2025; x_wconf 91' lang='lat' dir='ltr'><em>quod</em></span> <span class='ocrx_word' id='word_1_134' title='bbox 837 1945 987 2027; x_wconf 80' lang='lat' dir='ltr'><em>perierat,</em></span> <span class='ocrx_word' id='word_1_135' title='bbox 1503 1968 1515 2001; x_wconf 68' lang='grc' dir='ltr'><em>ιε</em></span> 
     </span>
    </p>
   </div>
   <div class='ocr_carea' id='block_1_3' title="bbox 617 2140 1128 2203">
    <p class='ocr_par' dir='ltr' id='par_1_3' title="bbox 617 2140 1128 2203">
     <span class='ocr_line' id='line_1_17' title="bbox 617 2140 1128 2203; baseline 0 0"><span class='ocrx_word' id='word_1_136' title='bbox 617 2183 620 2189; x_wconf 86' lang='lat'>·</span> <span class='ocrx_word' id='word_1_137' title='bbox 664 2140 974 2203; x_wconf 86' lang='lat' dir='ltr'>CAPITVLVM</span> <span class='ocrx_word' id='word_1_138' title='bbox 997 2141 1128 2203; x_wconf 91' lang='lat' dir='ltr'>XVIII.</span> 
     </span>
    </p>
   </div>
   <div class='ocr_carea' id='block_1_4' title="bbox 282 2248 1496 2417">
    <p class='ocr_par' dir='ltr' id='par_1_4' title="bbox 282 2248 1496 2417">
     <span class='ocr_line' id='line_1_18' title="bbox 282 2248 1496 2328; baseline -0.002 -20"><span class='ocrx_word' id='word_1_139' title='bbox 282 2248 437 2327; x_wconf 89' lang='lat' dir='ltr'><em>Qualiter</em></span> <span class='ocrx_word' id='word_1_140' title='bbox 453 2249 659 2309; x_wconf 90' lang='lat' dir='ltr'><em>imminente</em></span> <span class='ocrx_word' id='word_1_141' title='bbox 684 2248 858 2325; x_wconf 85' lang='lat' dir='ltr'><em>passionis</em></span> <span class='ocrx_word' id='word_1_142' title='bbox 877 2257 1036 2326; x_wconf 90' lang='lat' dir='ltr'><em>tempore</em></span> <span class='ocrx_word' id='word_1_143' title='bbox 1054 2250 1308 2328; x_wconf 87' lang='lat' dir='ltr'><em>Hierosolymis</em></span> <span class='ocrx_word' id='word_1_144' title='bbox 1327 2256 1496 2325; x_wconf 78' lang='lat' dir='ltr'><em>susceptus</em></span> 
     </span>
     <span class='ocr_line' id='line_1_19' title="bbox 770 2355 1021 2417; baseline 0.008 -2"><span class='ocrx_word' id='word_1_145' title='bbox 770 2355 816 2415; x_wconf 90' lang='lat' dir='ltr'><em>sit</em></span> <span class='ocrx_word' id='word_1_146' title='bbox 838 2356 1021 2417; x_wconf 73' lang='lat' dir='ltr'><em>Dominus·</em></span> 
     </span>
    </p>
   </div>
   <div class='ocr_carea' id='block_1_5' title="bbox 273 2458 1556 4390">
    <p class='ocr_par' dir='ltr' id='par_1_5' title="bbox 273 2458 1556 4070">
     <span class='ocr_line' id='line_1_20' title="bbox 332 2458 1495 2564; baseline -0.006 -20"><span class='ocrx_word' id='word_1_147' title='bbox 332 2552 336 2562; x_wconf 10' lang='grc' dir='ltr'><strong><em>κ</em></strong></span> <span class='ocrx_word' id='word_1_148' title='bbox 389 2458 614 2564; x_wconf 65' lang='lat' dir='ltr'><em>Quamnuam,</em></span> <span class='ocrx_word' id='word_1_149' title='bbox 646 2490 681 2544; x_wconf 94' lang='lat' dir='ltr'><em>ut</em></span> <span class='ocrx_word' id='word_1_150' title='bbox 712 2500 812 2563; x_wconf 88' lang='lat' dir='ltr'><em>supra</em></span> <span class='ocrx_word' id='word_1_151' title='bbox 843 2502 887 2545; x_wconf 89' lang='lat' dir='ltr'><em>ex</em></span> <span class='ocrx_word' id='word_1_152' title='bbox 918 2489 1012 2563; x_wconf 89' lang='lat' dir='ltr'><em>parte</em></span> <span class='ocrx_word' id='word_1_153' title='bbox 1044 2480 1244 2552; x_wconf 87' lang='lat' dir='ltr'><em>declaratum</em></span> <span class='ocrx_word' id='word_1_154' title='bbox 1269 2491 1339 2558; x_wconf 88' lang='lat' dir='ltr'><em>est,</em></span> <span class='ocrx_word' id='word_1_155' title='bbox 1369 2497 1495 2561; x_wconf 84' lang='lat' dir='ltr'><em>congrua</em></span> 
     </span>
     <span class='ocr_line' id='line_1_21' title="bbox 283 2588 1513 2676; baseline -0.007 -23"><span class='ocrx_word' id='word_1_156' title='bbox 283 2589 491 2676; x_wconf 92' lang='lat' dir='ltr'><em>quorundam</em></span> <span class='ocrx_word' id='word_1_157' title='bbox 508 2589 686 2653; x_wconf 88' lang='lat' dir='ltr'><em>deuotione</em></span> <span class='ocrx_word' id='word_1_158' title='bbox 705 2590 821 2651; x_wconf 89' lang='lat' dir='ltr'><em>crebro</em></span> <span class='ocrx_word' id='word_1_159' title='bbox 845 2597 999 2670; x_wconf 88' lang='lat' dir='ltr'><em>suscepta</em></span> <span class='ocrx_word' id='word_1_160' title='bbox 1022 2589 1065 2652; x_wconf 90' lang='lat' dir='ltr'><em>sit</em></span> <span class='ocrx_word' id='word_1_161' title='bbox 1088 2588 1261 2652; x_wconf 89' lang='lat' dir='ltr'><em>saluatoris</em></span> <span class='ocrx_word' id='word_1_162' title='bbox 1284 2591 1393 2651; x_wconf 88' lang='lat' dir='ltr'><em>nostri</em></span> <span class='ocrx_word' id='word_1_163' title='bbox 1407 2590 1513 2650; x_wconf 72' lang='lat' dir='ltr'><em>iacun-²⁰</em></span> 
     </span>
     <span class='ocr_line' id='line_1_22' title="bbox 281 2692 1493 2778; baseline -0.009 -17"><span class='ocrx_word' id='word_1_164' title='bbox 281 2699 415 2761; x_wconf 89' lang='lat' dir='ltr'><em>dissima</em></span> <span class='ocrx_word' id='word_1_165' title='bbox 452 2696 612 2772; x_wconf 88' lang='lat' dir='ltr'><em>uisitati0,</em></span> <span class='ocrx_word' id='word_1_166' title='bbox 651 2697 845 2758; x_wconf 90' lang='lat' dir='ltr'><em>accuratiori</em></span> <span class='ocrx_word' id='word_1_167' title='bbox 876 2704 988 2757; x_wconf 89' lang='lat' dir='ltr'><em>tamen</em></span> <span class='ocrx_word' id='word_1_168' title='bbox 1027 2704 1188 2777; x_wconf 88' lang='lat' dir='ltr'><em>apparatu</em></span> <span class='ocrx_word' id='word_1_169' title='bbox 1227 2704 1259 2759; x_wconf 91' lang='lat' dir='ltr'><em>et</em></span> <span class='ocrx_word' id='word_1_170' title='bbox 1299 2692 1493 2778; x_wconf 80' lang='lat' dir='ltr'><em>frequentiori</em></span> 
     </span>
     <span class='ocr_line' id='line_1_23' title="bbox 280 2799 1491 2885; baseline -0.007 -18"><span class='ocrx_word' id='word_1_171' title='bbox 280 2804 462 2867; x_wconf 91' lang='lat' dir='ltr'><em>honoratur</em></span> <span class='ocrx_word' id='word_1_172' title='bbox 486 2825 640 2883; x_wconf 88' lang='lat' dir='ltr'><em>occursu,</em></span> <span class='ocrx_word' id='word_1_173' title='bbox 672 2804 861 2865; x_wconf 89' lang='lat' dir='ltr'><em>imminente</em></span> <span class='ocrx_word' id='word_1_174' title='bbox 893 2803 958 2864; x_wconf 89' lang='lat' dir='ltr'><em>iam</em></span> <span class='ocrx_word' id='word_1_175' title='bbox 982 2803 1220 2865; x_wconf 86' lang='lat' dir='ltr'><em>sacratissimae</em></span> <span class='ocrx_word' id='word_1_176' title='bbox 1253 2806 1418 2885; x_wconf 88' lang='lat' dir='ltr'><em>passionis</em></span> <span class='ocrx_word' id='word_1_177' title='bbox 1438 2799 1491 2862; x_wconf 87' lang='lat' dir='ltr'><em>arti·</em></span> 
     </span>
     <span class='ocr_line' id='line_1_24' title="bbox 281 2906 1488 2993; baseline -0.009 -18"><span class='ocrx_word' id='word_1_178' title='bbox 281 2913 365 2976; x_wconf 82' lang='lat' dir='ltr'><em>culo</em></span> <span class='ocrx_word' id='word_1_179' title='bbox 405 2912 495 2974; x_wconf 89' lang='lat' dir='ltr'><em>cuius</em></span> <span class='ocrx_word' id='word_1_180' title='bbox 526 2932 669 2993; x_wconf 90' lang='lat' dir='ltr'><em>pompae</em></span> <span class='ocrx_word' id='word_1_181' title='bbox 701 2920 854 2973; x_wconf 88' lang='lat' dir='ltr'><em>ornatum</em></span> <span class='ocrx_word' id='word_1_182' title='bbox 885 2913 955 2992; x_wconf 86' lang='lat' dir='ltr'><em>ipse</em></span> <span class='ocrx_word' id='word_1_183' title='bbox 986 2911 1106 2993; x_wconf 90' lang='lat' dir='ltr'><em>partim</em></span> <span class='ocrx_word' id='word_1_184' title='bbox 1141 2911 1196 2992; x_wconf 89' lang='lat' dir='ltr'><em>pia</em></span> <span class='ocrx_word' id='word_1_185' title='bbox 1234 2913 1373 2993; x_wconf 79' lang='lat' dir='ltr'><em>engere</em></span> <span class='ocrx_word' id='word_1_186' title='bbox 1411 2906 1488 2971; x_wconf 89' lang='lat' dir='ltr'><em>uoluit</em></span> 
     </span>
     <span class='ocr_line' id='line_1_25' title="bbox 282 3016 1556 3101; baseline -0.008 -17"><span class='ocrx_word' id='word_1_187' title='bbox 282 3021 482 3101; x_wconf 82' lang='lat' dir='ltr'><em>dignatione,</em></span> <span class='ocrx_word' id='word_1_188' title='bbox 500 3019 714 3101; x_wconf 87' lang='lat' dir='ltr'><em>praemittens</em></span> <span class='ocrx_word' id='word_1_189' title='bbox 731 3018 910 3100; x_wconf 88' lang='lat' dir='ltr'><em>discipulos</em></span> <span class='ocrx_word' id='word_1_190' title='bbox 926 3038 987 3100; x_wconf 92' lang='lat' dir='ltr'><em>pro</em></span> <span class='ocrx_word' id='word_1_191' title='bbox 1003 3016 1101 3089; x_wconf 70' lang='lat' dir='ltr'><em>huius¹</em></span> <span class='ocrx_word' id='word_1_192' title='bbox 1114 3019 1282 3080; x_wconf 90' lang='lat' dir='ltr'><em>ministerii</em></span> <span class='ocrx_word' id='word_1_193' title='bbox 1298 3018 1482 3082; x_wconf 72' lang='lat' dir='ltr'><em>exhibitione</em></span> <span class='ocrx_word' id='word_1_194' title='bbox 1555 3084 1556 3087; x_wconf 7' lang='grc' dir='ltr'><strong>Ἴ</strong></span> 
     </span>
     <span class='ocr_line' id='line_1_26' title="bbox 281 3123 1505 3190; baseline -0.008 -1"><span class='ocrx_word' id='word_1_195' title='bbox 281 3127 343 3189; x_wconf 89' lang='lat' dir='ltr'><em>hac</em></span> <span class='ocrx_word' id='word_1_196' title='bbox 376 3128 461 3190; x_wconf 91' lang='lat' dir='ltr'><em>enim</em></span> <span class='ocrx_word' id='word_1_197' title='bbox 493 3126 565 3188; x_wconf 90' lang='lat' dir='ltr'><em>sola</em></span> <span class='ocrx_word' id='word_1_198' title='bbox 596 3126 666 3188; x_wconf 92' lang='lat' dir='ltr'><em>uice</em></span> <span class='ocrx_word' id='word_1_199' title='bbox 691 3134 808 3188; x_wconf 93' lang='lat' dir='ltr'><em>contra</em></span> <span class='ocrx_word' id='word_1_200' title='bbox 831 3145 956 3187; x_wconf 90' lang='lat' dir='ltr'><em>morem</em></span> <span class='ocrx_word' id='word_1_201' title='bbox 981 3124 1113 3186; x_wconf 88' lang='lat' dir='ltr'><em>solitum</em></span> <span class='ocrx_word' id='word_1_202' title='bbox 1137 3125 1272 3186; x_wconf 89' lang='lat' dir='ltr'><em>iumenti</em></span> <span class='ocrx_word' id='word_1_203' title='bbox 1296 3123 1505 3189; x_wconf 69' lang='lat' dir='ltr'><em>subuectione²³</em></span> 
     </span>
     <span class='ocr_line' id='line_1_27' title="bbox 283 3231 1489 3316; baseline -0.006 -19"><span class='ocrx_word' id='word_1_204' title='bbox 283 3235 551 3316; x_wconf 88' lang='lat' dir='ltr'><em>Hierolosymam</em></span> <span class='ocrx_word' id='word_1_205' title='bbox 575 3233 732 3309; x_wconf 72' lang='lat' dir='ltr'><em>tendenti</em></span> <span class='ocrx_word' id='word_1_206' title='bbox 764 3234 921 3295; x_wconf 87' lang='lat' dir='ltr'><em>innocens</em></span> <span class='ocrx_word' id='word_1_207' title='bbox 945 3232 1042 3294; x_wconf 91' lang='lat' dir='ltr'><em>turba</em></span> <span class='ocrx_word' id='word_1_208' title='bbox 1064 3233 1179 3314; x_wconf 90' lang='lat' dir='ltr'><em>spiritu</em></span> <span class='ocrx_word' id='word_1_209' title='bbox 1203 3242 1319 3295; x_wconf 90' lang='lat' dir='ltr'><em>sancto</em></span> <span class='ocrx_word' id='word_1_210' title='bbox 1345 3233 1449 3296; x_wconf 88' lang='lat' dir='ltr'><em>afflata</em></span> <span class='ocrx_word' id='word_1_211' title='bbox 1466 3231 1489 3284; x_wconf 77' lang='lat' dir='ltr'><em>el</em></span> 
     </span>
     <span class='ocr_line' id='line_1_28' title="bbox 282 3333 1491 3425; baseline -0.004 -21"><span class='ocrx_word' id='word_1_212' title='bbox 282 3343 509 3404; x_wconf 87' lang='lat' dir='ltr'><em>miraculorum</em></span> <span class='ocrx_word' id='word_1_213' title='bbox 542 3351 677 3425; x_wconf 90' lang='lat' dir='ltr'><em>stupore</em></span> <span class='ocrx_word' id='word_1_214' title='bbox 709 3350 862 3423; x_wconf 89' lang='lat' dir='ltr'><em>permota</em></span> <span class='ocrx_word' id='word_1_215' title='bbox 892 3341 1104 3402; x_wconf 87' lang='lat' dir='ltr'><em>deuotissime</em></span> <span class='ocrx_word' id='word_1_216' title='bbox 1139 3341 1296 3416; x_wconf 82' lang='lat' dir='ltr'><em>occurrit3</em></span> <span class='ocrx_word' id='word_1_217' title='bbox 1328 3350 1364 3404; x_wconf 91' lang='lat' dir='ltr'><em>et</em></span> <span class='ocrx_word' id='word_1_218' title='bbox 1395 3338 1434 3401; x_wconf 90' lang='lat' dir='ltr'><em>ad</em></span> <span class='ocrx_word' id='word_1_219' title='bbox 1460 3333 1491 3392; x_wconf 84' lang='lat' dir='ltr'><em>iss-</em></span> 
     </span>
     <span class='ocr_line' id='line_1_29' title="bbox 282 3447 1491 3531; baseline -0.007 -19"><span class='ocrx_word' id='word_1_220' title='bbox 282 3451 403 3528; x_wconf 88' lang='lat' dir='ltr'><em>dicium</em></span> <span class='ocrx_word' id='word_1_221' title='bbox 435 3450 634 3514; x_wconf 86' lang='lat' dir='ltr'><em>affectuosae</em></span> <span class='ocrx_word' id='word_1_222' title='bbox 659 3449 893 3531; x_wconf 79' lang='lat' dir='ltr'><em>susceptioniS,</em></span> <span class='ocrx_word' id='word_1_223' title='bbox 925 3447 1106 3529; x_wconf 89' lang='lat' dir='ltr'><em>palmarum</em></span> <span class='ocrx_word' id='word_1_224' title='bbox 1131 3447 1331 3529; x_wconf 88' lang='lat' dir='ltr'><em>aliarumque</em></span> <span class='ocrx_word' id='word_1_225' title='bbox 1357 3447 1491 3509; x_wconf 82' lang='lat' dir='ltr'><em>arborum</em></span> 
     </span>
     <span class='ocr_line' id='line_1_30' title="bbox 282 3551 1492 3636; baseline -0.012 -16"><span class='ocrx_word' id='word_1_226' title='bbox 282 3577 391 3620; x_wconf 91' lang='lat' dir='ltr'><em>ramos</em></span> <span class='ocrx_word' id='word_1_227' title='bbox 416 3556 589 3620; x_wconf 87' lang='lat' dir='ltr'><em>abscidens</em></span> <span class='ocrx_word' id='word_1_228' title='bbox 614 3578 653 3620; x_wconf 89' lang='lat' dir='ltr'><em>ac</em></span> <span class='ocrx_word' id='word_1_229' title='bbox 676 3556 823 3636; x_wconf 87' lang='lat' dir='ltr'><em>uestigiis</em></span> <span class='ocrx_word' id='word_1_230' title='bbox 847 3556 915 3616; x_wconf 86' lang='lat' dir='ltr'><em>eius</em></span> <span class='ocrx_word' id='word_1_231' title='bbox 938 3554 1169 3628; x_wconf 88' lang='lat' dir='ltr'><em>substernens,</em></span> <span class='ocrx_word' id='word_1_232' title='bbox 1196 3555 1260 3616; x_wconf 90' lang='lat' dir='ltr'><em>iam</em></span> <span class='ocrx_word' id='word_1_233' title='bbox 1285 3556 1379 3635; x_wconf 86' lang='lat' dir='ltr'><em>quasi</em></span> <span class='ocrx_word' id='word_1_234' title='bbox 1401 3551 1492 3613; x_wconf 87' lang='lat' dir='ltr'><em>trium·</em></span> 
     </span>
     <span class='ocr_line' id='line_1_31' title="bbox 282 3661 1516 3747; baseline -0.016 -20"><span class='ocrx_word' id='word_1_235' title='bbox 282 3664 456 3747; x_wconf 90' lang='lat' dir='ltr'><em>phatorem</em></span> <span class='ocrx_word' id='word_1_236' title='bbox 488 3665 529 3728; x_wconf 86' lang='lat' dir='ltr'><em>de</em></span> <span class='ocrx_word' id='word_1_237' title='bbox 561 3663 675 3736; x_wconf 88' lang='lat' dir='ltr'><em>mortis</em></span> <span class='ocrx_word' id='word_1_238' title='bbox 707 3663 854 3744; x_wconf 88' lang='lat' dir='ltr'><em>principe</em></span> <span class='ocrx_word' id='word_1_239' title='bbox 887 3661 1041 3724; x_wconf 90' lang='lat' dir='ltr'><em>ostendit.</em></span> <span class='ocrx_word' id='word_1_240' title='bbox 1081 3681 1220 3741; x_wconf 91' lang='lat' dir='ltr'><em>cumque</em></span> <span class='ocrx_word' id='word_1_241' title='bbox 1252 3663 1401 3724; x_wconf 89' lang='lat' dir='ltr'><em>certatim</em></span> <span class='ocrx_word' id='word_1_242' title='bbox 1437 3664 1516 3715; x_wconf 74' lang='lat' dir='ltr'><em>fains&gt;</em></span> 
     </span>
     <span class='ocr_line' id='line_1_32' title="bbox 282 3761 1491 3854; baseline -0.016 -20"><span class='ocrx_word' id='word_1_243' title='bbox 282 3773 428 3846; x_wconf 83' lang='lat' dir='ltr'><em>uestibus</em></span> <span class='ocrx_word' id='word_1_244' title='bbox 459 3792 558 3853; x_wconf 91' lang='lat' dir='ltr'><em>quam</em></span> <span class='ocrx_word' id='word_1_245' title='bbox 582 3770 751 3854; x_wconf 88' lang='lat' dir='ltr'><em>frondibus</em></span> <span class='ocrx_word' id='word_1_246' title='bbox 776 3770 828 3831; x_wconf 91' lang='lat' dir='ltr'><em>uia</em></span> <span class='ocrx_word' id='word_1_247' title='bbox 857 3777 1074 3842; x_wconf 86' lang='lat' dir='ltr'><em>sterneretur,</em></span> <span class='ocrx_word' id='word_1_248' title='bbox 1105 3769 1211 3829; x_wconf 90' lang='lat' dir='ltr'><em>omnis</em></span> <span class='ocrx_word' id='word_1_249' title='bbox 1242 3761 1491 3849; x_wconf 86' lang='lat' dir='ltr'><em>praecedentium</em></span> 
     </span>
     <span class='ocr_line' id='line_1_33' title="bbox 282 3872 1490 3960; baseline -0.011 -18"><span class='ocrx_word' id='word_1_250' title='bbox 282 3880 333 3942; x_wconf 90' lang='lat' dir='ltr'><em>uel</em></span> <span class='ocrx_word' id='word_1_251' title='bbox 358 3881 564 3960; x_wconf 87' lang='lat' dir='ltr'><em>sequentium</em></span> <span class='ocrx_word' id='word_1_252' title='bbox 588 3879 684 3942; x_wconf 87' lang='lat' dir='ltr'><em>turba</em></span> <span class='ocrx_word' id='word_1_253' title='bbox 704 3897 768 3940; x_wconf 91' lang='lat' dir='ltr'><em>una</em></span> <span class='ocrx_word' id='word_1_254' title='bbox 784 3897 867 3938; x_wconf 90' lang='lat' dir='ltr'><em>uoce</em></span> <span class='ocrx_word' id='word_1_255' title='bbox 884 3875 989 3937; x_wconf 87' lang='lat' dir='ltr'><em>laudis</em></span> <span class='ocrx_word' id='word_1_256' title='bbox 1005 3873 1184 3936; x_wconf 89' lang='lat' dir='ltr'><em>resultabat</em></span> <span class='ocrx_word' id='word_1_257' title='bbox 1200 3874 1326 3936; x_wconf 90' lang='lat' dir='ltr'><em>dicens:</em></span> <span class='ocrx_word' id='word_1_258' title='bbox 1350 3872 1490 3936; x_wconf 67' lang='lat' dir='ltr'><em>Horam</em></span> 
     </span>
     <span class='ocr_line' id='line_1_34' title="bbox 273 3965 1523 4070; baseline -0.016 -22"><span class='ocrx_word' id='word_1_259' title='bbox 273 3987 352 4070; x_wconf 85' lang='lat' dir='ltr'><em>filio</em></span> <span class='ocrx_word' id='word_1_260' title='bbox 374 3987 493 4049; x_wconf 86' lang='lat' dir='ltr'><em>Dauid</em></span> <span class='ocrx_word' id='word_1_261' title='bbox 497 4010 508 4049; x_wconf 90' lang='lat'><em>.·</em></span> <span class='ocrx_word' id='word_1_262' title='bbox 531 3986 723 4056; x_wconf 80' lang='lat' dir='ltr'><em>benedictus,</em></span> <span class='ocrx_word' id='word_1_263' title='bbox 747 3985 806 4065; x_wconf 84' lang='lat' dir='ltr'><em>qni</em></span> <span class='ocrx_word' id='word_1_264' title='bbox 826 3983 914 4045; x_wconf 84' lang='lat' dir='ltr'><em>uenit</em></span> <span class='ocrx_word' id='word_1_265' title='bbox 934 3981 969 4042; x_wconf 88' lang='lat' dir='ltr'><em>in</em></span> <span class='ocrx_word' id='word_1_266' title='bbox 992 3981 1118 4043; x_wconf 85' lang='lat' dir='ltr'><em>nomine</em></span> <span class='ocrx_word' id='word_1_267' title='bbox 1141 3980 1291 4053; x_wconf 87' lang='lat' dir='ltr'><em>Domini,</em></span> <span class='ocrx_word' id='word_1_268' title='bbox 1316 4002 1376 4043; x_wconf 89' lang='lat' dir='ltr'><em>rex</em></span> <span class='ocrx_word' id='word_1_269' title='bbox 1394 3965 1490 4056; x_wconf 90' lang='lat' dir='ltr'><em>Jsrael.</em></span> <span class='ocrx_word' id='word_1_270' title='bbox 1517 4022 1523 4032; x_wconf 75' lang='grc'>,</span> 
     </span>
    </p>

    <p class='ocr_par' dir='ltr' id='par_1_6' title="bbox 282 4081 1555 4390">
     <span class='ocr_line' id='line_1_35' title="bbox 388 4081 1489 4175; baseline -0.018 -19"><span class='ocrx_word' id='word_1_271' title='bbox 388 4092 464 4175; x_wconf 81' lang='lat' dir='ltr'><em>Quo</em></span> <span class='ocrx_word' id='word_1_272' title='bbox 496 4094 682 4157; x_wconf 91' lang='lat' dir='ltr'><em>deuotionis</em></span> <span class='ocrx_word' id='word_1_273' title='bbox 713 4113 792 4154; x_wconf 89' lang='lat' dir='ltr'><em>suae</em></span> <span class='ocrx_word' id='word_1_274' title='bbox 825 4088 981 4170; x_wconf 87' lang='lat' dir='ltr'><em>exemplo</em></span> <span class='ocrx_word' id='word_1_275' title='bbox 1012 4088 1091 4168; x_wconf 91' lang='lat' dir='ltr'><em>quid</em></span> <span class='ocrx_word' id='word_1_276' title='bbox 1124 4087 1210 4150; x_wconf 91' lang='lat' dir='ltr'><em>aliud</em></span> <span class='ocrx_word' id='word_1_277' title='bbox 1241 4089 1338 4161; x_wconf 91' lang='lat' dir='ltr'><em>nobis</em></span> <span class='ocrx_word' id='word_1_278' title='bbox 1360 4081 1489 4149; x_wconf 84' lang='lat' dir='ltr'><em>innuunt,</em></span> 
     </span>
     <span class='ocr_line' id='line_1_36' title="bbox 282 4182 1516 4279; baseline -0.024 -14"><span class='ocrx_word' id='word_1_279' title='bbox 282 4203 342 4264; x_wconf 89' lang='lat' dir='ltr'><em>nisi</em></span> <span class='ocrx_word' id='word_1_280' title='bbox 366 4211 400 4264; x_wconf 90' lang='lat' dir='ltr'><em>ut</em></span> <span class='ocrx_word' id='word_1_281' title='bbox 425 4223 510 4265; x_wconf 89' lang='lat' dir='ltr'><em>nunc</em></span> <span class='ocrx_word' id='word_1_282' title='bbox 534 4204 566 4264; x_wconf 90' lang='lat' dir='ltr'><em>in</em></span> <span class='ocrx_word' id='word_1_283' title='bbox 589 4201 777 4263; x_wconf 88' lang='lat' dir='ltr'><em>innocentia</em></span> <span class='ocrx_word' id='word_1_284' title='bbox 801 4196 939 4279; x_wconf 84' lang='lat' dir='ltr'><em>ingredi,</em></span> <span class='ocrx_word' id='word_1_285' title='bbox 966 4204 999 4257; x_wconf 88' lang='lat' dir='ltr'><em>et</em></span> <span class='ocrx_word' id='word_1_286' title='bbox 1023 4203 1152 4258; x_wconf 92' lang='lat' dir='ltr'><em>remoto</em></span> <span class='ocrx_word' id='word_1_287' title='bbox 1176 4196 1285 4278; x_wconf 90' lang='lat' dir='ltr'><em>lapide</em></span> <span class='ocrx_word' id='word_1_288' title='bbox 1309 4182 1516 4258; x_wconf 69' lang='lat' dir='ltr'><em>offensionisss</em></span> 
     </span>
     <span class='ocr_line' id='line_1_37' title="bbox 282 4292 1555 4390; baseline -0.016 -20"><span class='ocrx_word' id='word_1_289' title='bbox 282 4308 357 4372; x_wconf 90' lang='lat' dir='ltr'><em>fidei</em></span> <span class='ocrx_word' id='word_1_290' title='bbox 388 4311 473 4372; x_wconf 92' lang='lat' dir='ltr'><em>uiam</em></span> <span class='ocrx_word' id='word_1_291' title='bbox 505 4309 660 4371; x_wconf 90' lang='lat' dir='ltr'><em>saluatori</em></span> <span class='ocrx_word' id='word_1_292' title='bbox 684 4326 880 4390; x_wconf 85' lang='lat' dir='ltr'><em>praeparare</em></span> <span class='ocrx_word' id='word_1_293' title='bbox 904 4304 1111 4380; x_wconf 85' lang='lat' dir='ltr'><em>studeamus,</em></span> <span class='ocrx_word' id='word_1_294' title='bbox 1142 4313 1177 4366; x_wconf 90' lang='lat' dir='ltr'><em>ut</em></span> <span class='ocrx_word' id='word_1_295' title='bbox 1209 4305 1307 4366; x_wconf 89' lang='lat' dir='ltr'><em>etiam</em></span> <span class='ocrx_word' id='word_1_296' title='bbox 1332 4304 1363 4364; x_wconf 92' lang='lat' dir='ltr'><em>in</em></span> <span class='ocrx_word' id='word_1_297' title='bbox 1394 4295 1487 4357; x_wconf 86' lang='lat' dir='ltr'><em>futuro</em></span> <span class='ocrx_word' id='word_1_298' title='bbox 1554 4292 1555 4309; x_wconf 66' lang='lat'>¹</span> 
     </span>
    </p>
   </div>
   <div class='ocr_carea' id='block_1_6' title="bbox 389 4443 1555 4516">
    <p class='ocr_par' dir='ltr' id='par_1_7' title="bbox 389 4430 1555 4516">
     <span class='ocr_line' id='line_1_38' title="bbox 389 4443 1555 4516; baseline -0.007 -17"><span class='ocrx_word' id='word_1_299' title='bbox 389 4462 412 4512; x_wconf 84' lang='lat'><em>3.</em></span> <span class='ocrx_word' id='word_1_300' title='bbox 434 4451 491 4516; x_wconf 79' lang='lat' dir='ltr'><em>Sap.</em></span> <span class='ocrx_word' id='word_1_301' title='bbox 516 4460 554 4513; x_wconf 86' lang='lat'><em>15,</em></span> <span class='ocrx_word' id='word_1_302' title='bbox 579 4463 598 4498; x_wconf 90' lang='lat'><em>1.</em></span> <span class='ocrx_word' id='word_1_303' title='bbox 619 4466 656 4513; x_wconf 89' lang='lat' dir='ltr'><em>sq.</em></span> <span class='ocrx_word' id='word_1_304' title='bbox 676 4477 711 4483; x_wconf 92' lang='lat'>—</span> <span class='ocrx_word' id='word_1_305' title='bbox 729 4445 753 4494; x_wconf 85' lang='lat' dir='ltr'><em>b.</em></span> <span class='ocrx_word' id='word_1_306' title='bbox 775 4448 835 4494; x_wconf 85' lang='lat' dir='ltr'><em>Luc.</em></span> <span class='ocrx_word' id='word_1_307' title='bbox 858 4459 896 4509; x_wconf 85' lang='lat'><em>19,</em></span> <span class='ocrx_word' id='word_1_308' title='bbox 911 4461 934 4509; x_wconf 86' lang='lat'><em>9.</em></span> <span class='ocrx_word' id='word_1_309' title='bbox 950 4473 984 4481; x_wconf 91' lang='lat'><em>-</em></span> <span class='ocrx_word' id='word_1_310' title='bbox 1001 4459 1039 4494; x_wconf 76' lang='grc' dir='ltr'><em>ιο.</em></span> <span class='ocrx_word' id='word_1_311' title='bbox 1054 4447 1148 4496; x_wconf 87' lang='lat' dir='ltr'><em>Thren.</em></span> <span class='ocrx_word' id='word_1_312' title='bbox 1164 4459 1187 4505; x_wconf 86' lang='lat'><em>2,</em></span> <span class='ocrx_word' id='word_1_313' title='bbox 1204 4457 1273 4507; x_wconf 74' lang='grc'><em>7.-</em></span> <span class='ocrx_word' id='word_1_314' title='bbox 1289 4457 1330 4508; x_wconf 82' lang='lat'><em>32.</em></span> <span class='ocrx_word' id='word_1_315' title='bbox 1347 4445 1404 4492; x_wconf 79' lang='lat' dir='ltr'><em>Mat.</em></span> <span class='ocrx_word' id='word_1_316' title='bbox 1418 4445 1453 4490; x_wconf 82' lang='lat'><em>21,</em></span> <span class='ocrx_word' id='word_1_317' title='bbox 1465 4443 1486 4491; x_wconf 89' lang='grc'><em>9·</em></span> <span class='ocrx_word' id='word_1_318' title='bbox 1551 4472 1555 4507; x_wconf 65' lang='grc' dir='ltr'>Ι</span> 
     </span>
    </p>
   </div>
   <div class='ocr_carea' id='block_1_7' title="bbox 0 0 1589 5025">
    <p class='ocr_par' dir='ltr' id='par_1_8' title="bbox 0 0 1589 5025">
     <span class='ocr_line' id='line_1_39' title="bbox 0 0 1589 5025; baseline 0 0"><span class='ocrx_word' id='word_1_319' title='bbox 0 0 1589 5025; x_wconf 95' lang='lat' dir='ltr'><em> </em></span> 
     </span>
    </p>
   </div>
  </div>
 </body>
</html>
