<?xml version="1.0" encoding="UTF-8"?>
<!DOCTYPE html PUBLIC "-//W3C//DTD XHTML 1.0 Transitional//EN"
    "http://www.w3.org/TR/xhtml1/DTD/xhtml1-transitional.dtd">
<html xmlns="http://www.w3.org/1999/xhtml" xml:lang="en" lang="en">
 <head>
  <title>
</title>
<meta http-equiv="Content-Type" content="text/html;charset=utf-8" />
  <meta name='ocr-system' content='tesseract 3.04.00' />
  <meta name='ocr-capabilities' content='ocr_page ocr_carea ocr_par ocr_line ocrx_word'/>
</head>
<body>
  <div class='ocr_page' id='page_1' title='image "./tutonismonachio00rubagoog_0103.png"; bbox 0 0 3167 5025; ppageno 0'>
   <div class='ocr_carea' id='block_1_1' title="bbox 1306 203 1345 282">
    <p class='ocr_par' dir='ltr' id='par_1_1' title="bbox 1306 203 1345 282">
     <span class='ocr_line' id='line_1_1' title="bbox 1306 203 1345 282; baseline 0 0"><span class='ocrx_word' id='word_1_1' title='bbox 1306 203 1345 282; x_wconf 79' lang='lat'>83</span> 
     </span>
    </p>
   </div>
   <div class='ocr_carea' id='block_1_2' title="bbox 68 395 1351 1446">
    <p class='ocr_par' dir='ltr' id='par_1_2' title="bbox 68 395 1351 1446">
     <span class='ocr_line' id='line_1_2' title="bbox 101 395 1351 479; baseline 0.003 -22"><span class='ocrx_word' id='word_1_2' title='bbox 101 395 290 478; x_wconf 88' lang='lat' dir='ltr'>propheta</span> <span class='ocrx_word' id='word_1_3' title='bbox 312 397 471 478; x_wconf 86' lang='lat' dir='ltr'>gloriatur</span> <span class='ocrx_word' id='word_1_4' title='bbox 493 398 621 460; x_wconf 88' lang='lat' dir='ltr'>dicens:</span> <span class='ocrx_word' id='word_1_5' title='bbox 646 397 776 461; x_wconf 80' lang='lat' dir='ltr'>lucema</span> <span class='ocrx_word' id='word_1_6' title='bbox 795 397 931 479; x_wconf 78' lang='lat' dir='ltr'>pedibus</span> <span class='ocrx_word' id='word_1_7' title='bbox 953 400 1031 460; x_wconf 59' lang='lat' dir='ltr'>metir</span> <span class='ocrx_word' id='word_1_8' title='bbox 1054 399 1182 461; x_wconf 78' lang='lat' dir='ltr'>uerbum</span> <span class='ocrx_word' id='word_1_9' title='bbox 1199 409 1296 469; x_wconf 72' lang='lat' dir='ltr'>turam,</span> <span class='ocrx_word' id='word_1_10' title='bbox 1320 409 1351 462; x_wconf 80' lang='lat' dir='ltr'>et</span> 
     </span>
     <span class='ocr_line' id='line_1_3' title="bbox 100 503 1348 587; baseline 0.002 -22"><span class='ocrx_word' id='word_1_11' title='bbox 100 503 229 567; x_wconf 86' lang='lat' dir='ltr'>lumen</span> <span class='ocrx_word' id='word_1_12' title='bbox 260 505 383 569; x_wconf 79' lang='lat' dir='ltr'>semilz&#39;s</span> <span class='ocrx_word' id='word_1_13' title='bbox 412 505 497 568; x_wconf 72' lang='lat' dir='ltr'>neeis.</span> <span class='ocrx_word' id='word_1_14' title='bbox 529 505 611 568; x_wconf 91' lang='lat' dir='ltr'>haec</span> <span class='ocrx_word' id='word_1_15' title='bbox 643 507 728 568; x_wconf 92' lang='lat' dir='ltr'>enim</span> <span class='ocrx_word' id='word_1_16' title='bbox 760 507 793 567; x_wconf 92' lang='lat' dir='ltr'>in</span> <span class='ocrx_word' id='word_1_17' title='bbox 821 525 935 568; x_wconf 84' lang='lat' dir='ltr'>eorum</span> <span class='ocrx_word' id='word_1_18' title='bbox 959 505 1112 568; x_wconf 84' lang='lat' dir='ltr'>cordibus</span> <span class='ocrx_word' id='word_1_19' title='bbox 1137 506 1348 587; x_wconf 85' lang='lat' dir='ltr'>extinguitur,</span> 
     </span>
     <span class='ocr_line' id='line_1_4' title="bbox 100 612 1347 696; baseline 0.002 -23"><span class='ocrx_word' id='word_1_20' title='bbox 100 613 163 692; x_wconf 88' lang='lat' dir='ltr'>qui</span> <span class='ocrx_word' id='word_1_21' title='bbox 204 613 243 675; x_wconf 91' lang='lat' dir='ltr'>in</span> <span class='ocrx_word' id='word_1_22' title='bbox 275 614 411 675; x_wconf 86' lang='lat' dir='ltr'>miseriis</span> <span class='ocrx_word' id='word_1_23' title='bbox 434 633 502 676; x_wconf 87' lang='lat' dir='ltr'>non</span> <span class='ocrx_word' id='word_1_24' title='bbox 524 613 722 687; x_wconf 86' lang='lat' dir='ltr'>subsistunt,</span> <span class='ocrx_word' id='word_1_25' title='bbox 754 613 813 675; x_wconf 91' lang='lat' dir='ltr'>sed</span> <span class='ocrx_word' id='word_1_26' title='bbox 838 614 914 676; x_wconf 88' lang='lat' dir='ltr'>uicti</span> <span class='ocrx_word' id='word_1_27' title='bbox 939 613 1209 696; x_wconf 84' lang='lat' dir='ltr'>temptationibus</span> <span class='ocrx_word' id='word_1_28' title='bbox 1234 635 1253 676; x_wconf 89' lang='lat' dir='ltr'>a</span> <span class='ocrx_word' id='word_1_29' title='bbox 1276 612 1347 676; x_wconf 92' lang='lat' dir='ltr'>luce</span> 
     </span>
     <span class='ocr_line' id='line_1_5' title="bbox 100 721 1347 802; baseline 0.002 -21"><span class='ocrx_word' id='word_1_30' title='bbox 100 721 271 782; x_wconf 86' lang='lat' dir='ltr'>ueritatis</span> <span class='ocrx_word' id='word_1_31' title='bbox 301 721 466 783; x_wconf 91' lang='lat' dir='ltr'>recedunt.</span> <span class='ocrx_word' id='word_1_32' title='bbox 499 722 607 784; x_wconf 88' lang='lat' dir='ltr'>media</span> <span class='ocrx_word' id='word_1_33' title='bbox 637 721 736 784; x_wconf 92' lang='lat' dir='ltr'>etiam</span> <span class='ocrx_word' id='word_1_34' title='bbox 759 729 858 783; x_wconf 90' lang='lat' dir='ltr'>nocte</span> <span class='ocrx_word' id='word_1_35' title='bbox 883 722 1078 784; x_wconf 86' lang='lat' dir='ltr'>adueniente</span> <span class='ocrx_word' id='word_1_36' title='bbox 1102 742 1242 802; x_wconf 81' lang='lat' dir='ltr'>sponsa,</span> <span class='ocrx_word' id='word_1_37' title='bbox 1273 743 1347 784; x_wconf 90' lang='lat' dir='ltr'>cum</span> 
     </span>
     <span class='ocr_line' id='line_1_6' title="bbox 77 820 1347 912; baseline 0.004 -26"><span class='ocrx_word' id='word_1_38' title='bbox 77 820 285 890; x_wconf 77' lang='lat' dir='ltr'>statuarum</span> <span class='ocrx_word' id='word_1_39' title='bbox 310 829 471 909; x_wconf 89' lang='lat' dir='ltr'>uirginum</span> <span class='ocrx_word' id='word_1_40' title='bbox 495 828 666 912; x_wconf 88' lang='lat' dir='ltr'>lampades</span> <span class='ocrx_word' id='word_1_41' title='bbox 690 828 864 892; x_wconf 90' lang='lat' dir='ltr'>deficiente</span> <span class='ocrx_word' id='word_1_42' title='bbox 889 828 963 892; x_wconf 92' lang='lat' dir='ltr'>oleo</span> <span class='ocrx_word' id='word_1_43' title='bbox 987 831 1230 910; x_wconf 83' lang='lat' dir='ltr'>extinguentur,</span> <span class='ocrx_word' id='word_1_44' title='bbox 1254 828 1347 891; x_wconf 91' lang='lat' dir='ltr'>huius</span> 
     </span>
     <span class='ocr_line' id='line_1_7' title="bbox 101 936 1345 1019; baseline 0 -21"><span class='ocrx_word' id='word_1_45' title='bbox 101 945 256 998; x_wconf 87' lang='lat' dir='ltr'>sanctae</span> <span class='ocrx_word' id='word_1_46' title='bbox 273 937 427 1018; x_wconf 86' lang='lat' dir='ltr'>martyris</span> <span class='ocrx_word' id='word_1_47' title='bbox 443 936 574 999; x_wconf 90' lang='lat' dir='ltr'>lucerna</span> <span class='ocrx_word' id='word_1_48' title='bbox 590 936 851 1000; x_wconf 85' lang='lat' dir='ltr'>indeficientibus</span> <span class='ocrx_word' id='word_1_49' title='bbox 867 938 965 1000; x_wconf 91' lang='lat' dir='ltr'>radiis</span> <span class='ocrx_word' id='word_1_50' title='bbox 980 937 1194 1019; x_wconf 77' lang='lat' dir='ltr'>permanebit,</span> <span class='ocrx_word' id='word_1_51' title='bbox 1218 938 1345 998; x_wconf 87' lang='lat' dir='ltr'>interim</span> 
     </span>
     <span class='ocr_line' id='line_1_8' title="bbox 102 1042 1347 1107; baseline 0.001 -3"><span class='ocrx_word' id='word_1_52' title='bbox 102 1064 194 1106; x_wconf 89' lang='lat' dir='ltr'>uero</span> <span class='ocrx_word' id='word_1_53' title='bbox 232 1045 266 1105; x_wconf 92' lang='lat' dir='ltr'>in</span> <span class='ocrx_word' id='word_1_54' title='bbox 297 1042 392 1105; x_wconf 86' lang='lat' dir='ltr'>huius</span> <span class='ocrx_word' id='word_1_55' title='bbox 415 1043 624 1106; x_wconf 87' lang='lat' dir='ltr'>mortalitatis</span> <span class='ocrx_word' id='word_1_56' title='bbox 657 1044 801 1106; x_wconf 89' lang='lat' dir='ltr'>tenebris</span> <span class='ocrx_word' id='word_1_57' title='bbox 832 1053 966 1107; x_wconf 88' lang='lat' dir='ltr'>sanctae</span> <span class='ocrx_word' id='word_1_58' title='bbox 997 1044 1255 1107; x_wconf 87' lang='lat' dir='ltr'>conuersationis</span> <span class='ocrx_word' id='word_1_59' title='bbox 1279 1044 1347 1105; x_wconf 90' lang='lat' dir='ltr'>eius</span> 
     </span>
     <span class='ocr_line' id='line_1_9' title="bbox 101 1150 1346 1234; baseline 0 -22"><span class='ocrx_word' id='word_1_60' title='bbox 101 1150 249 1234; x_wconf 84' lang='lat' dir='ltr'>lampas</span> <span class='ocrx_word' id='word_1_61' title='bbox 272 1151 393 1213; x_wconf 89' lang='lat' dir='ltr'>nostris</span> <span class='ocrx_word' id='word_1_62' title='bbox 416 1150 624 1233; x_wconf 84' lang='lat' dir='ltr'>resplendeat</span> <span class='ocrx_word' id='word_1_63' title='bbox 649 1151 813 1226; x_wconf 72' lang='lat' dir='ltr'>cordibus</span> <span class='ocrx_word' id='word_1_64' title='bbox 836 1172 936 1232; x_wconf 89' lang='lat' dir='ltr'>quam</span> <span class='ocrx_word' id='word_1_65' title='bbox 952 1151 1074 1214; x_wconf 91' lang='lat' dir='ltr'>idcirco</span> <span class='ocrx_word' id='word_1_66' title='bbox 1091 1171 1262 1214; x_wconf 87' lang='lat' dir='ltr'>accensam</span> <span class='ocrx_word' id='word_1_67' title='bbox 1279 1171 1346 1214; x_wconf 95' lang='lat' dir='ltr'>non</span> 
     </span>
     <span class='ocr_line' id='line_1_10' title="bbox 100 1257 1347 1342; baseline 0.002 -24"><span class='ocrx_word' id='word_1_68' title='bbox 100 1259 136 1318; x_wconf 91' lang='lat' dir='ltr'>in</span> <span class='ocrx_word' id='word_1_69' title='bbox 164 1259 375 1322; x_wconf 89' lang='lat' dir='ltr'>abscondito</span> <span class='ocrx_word' id='word_1_70' title='bbox 398 1260 456 1320; x_wconf 91' lang='lat' dir='ltr'>sed</span> <span class='ocrx_word' id='word_1_71' title='bbox 482 1279 581 1340; x_wconf 86' lang='lat' dir='ltr'>super</span> <span class='ocrx_word' id='word_1_72' title='bbox 604 1259 837 1322; x_wconf 88' lang='lat' dir='ltr'>candelabrum</span> <span class='ocrx_word' id='word_1_73' title='bbox 861 1257 1022 1324; x_wconf 89' lang='lat' dir='ltr'>Dominus</span> <span class='ocrx_word' id='word_1_74' title='bbox 1046 1279 1169 1342; x_wconf 88' lang='lat' dir='ltr'>ponere</span> <span class='ocrx_word' id='word_1_75' title='bbox 1193 1260 1347 1342; x_wconf 83' lang='lat' dir='ltr'>dignatus</span> 
     </span>
     <span class='ocr_line' id='line_1_11' title="bbox 68 1365 864 1446; baseline 0.001 -19"><span class='ocrx_word' id='word_1_76' title='bbox 68 1388 93 1414; x_wconf 82' lang='lat'>¹0</span> <span class='ocrx_word' id='word_1_77' title='bbox 102 1375 169 1441; x_wconf 91' lang='lat' dir='ltr'>est,</span> <span class='ocrx_word' id='word_1_78' title='bbox 199 1375 239 1428; x_wconf 91' lang='lat' dir='ltr'>ut</span> <span class='ocrx_word' id='word_1_79' title='bbox 264 1367 319 1446; x_wconf 93' lang='lat' dir='ltr'>qui</span> <span class='ocrx_word' id='word_1_80' title='bbox 342 1366 567 1446; x_wconf 88' lang='lat' dir='ltr'>ingrediuntur</span> <span class='ocrx_word' id='word_1_81' title='bbox 590 1365 699 1429; x_wconf 90' lang='lat' dir='ltr'>lumen</span> <span class='ocrx_word' id='word_1_82' title='bbox 722 1367 864 1429; x_wconf 89' lang='lat' dir='ltr'>uideant.</span> 
     </span>
    </p>
   </div>
   <div class='ocr_carea' id='block_1_3' title="bbox 547 1586 919 1662">
    <p class='ocr_par' dir='ltr' id='par_1_3' title="bbox 547 1586 919 1662">
     <span class='ocr_line' id='line_1_12' title="bbox 547 1586 919 1662; baseline 0 0"><span class='ocrx_word' id='word_1_83' title='bbox 547 1599 855 1662; x_wconf 87' lang='lat' dir='ltr'>CAPITVLVM</span> <span class='ocrx_word' id='word_1_84' title='bbox 880 1586 919 1662; x_wconf 87' lang='lat' dir='ltr'>X.</span> 
     </span>
    </p>
   </div>
   <div class='ocr_carea' id='block_1_4' title="bbox 481 1743 987 1806">
    <p class='ocr_par' dir='ltr' id='par_1_4' title="bbox 481 1743 987 1806">
     <span class='ocr_line' id='line_1_13' title="bbox 481 1743 987 1806; baseline -0.002 -2"><span class='ocrx_word' id='word_1_85' title='bbox 481 1745 603 1806; x_wconf 87' lang='lat' dir='ltr'>Laus</span> <span class='ocrx_word' id='word_1_86' title='bbox 635 1763 655 1804; x_wconf 88' lang='lat' dir='ltr'>a</span> <span class='ocrx_word' id='word_1_87' title='bbox 688 1743 987 1804; x_wconf 84' lang='lat' dir='ltr'>fortitudine.</span> 
     </span>
    </p>
   </div>
   <div class='ocr_carea' id='block_1_5' title="bbox 74 1902 1367 4349">
    <p class='ocr_par' dir='ltr' id='par_1_5' title="bbox 74 1902 1367 4349">
     <span class='ocr_line' id='line_1_14' title="bbox 226 1902 1348 1984; baseline 0 -20"><span class='ocrx_word' id='word_1_88' title='bbox 226 1903 366 1965; x_wconf 62' lang='lat' dir='ltr'>aldanum</span> <span class='ocrx_word' id='word_1_89' title='bbox 389 1924 483 1965; x_wconf 86' lang='lat' dir='ltr'>suam</span> <span class='ocrx_word' id='word_1_90' title='bbox 507 1903 597 1965; x_wconf 76' lang='lat' dir='ltr'>ntz&#39;sz&#39;t</span> <span class='ocrx_word' id='word_1_91' title='bbox 618 1903 795 1983; x_wconf 76' lang='lat' dir='ltr'>adsertio,</span> <span class='ocrx_word' id='word_1_92' title='bbox 819 1913 849 1964; x_wconf 82' lang='lat' dir='ltr'>et</span> <span class='ocrx_word' id='word_1_93' title='bbox 871 1903 969 1984; x_wconf 70' lang='lat' dir='ltr'>dzgitz&#39;</span> <span class='ocrx_word' id='word_1_94' title='bbox 988 1903 1055 1964; x_wconf 78' lang='lat' dir='ltr'>eius</span> <span class='ocrx_word' id='word_1_95' title='bbox 1071 1902 1348 1983; x_wconf 69' lang='lat' dir='ltr'>apprehenderunt</span> 
     </span>
     <span class='ocr_line' id='line_1_15' title="bbox 102 2007 1344 2093; baseline -0.002 -19"><span class='ocrx_word' id='word_1_96' title='bbox 102 2015 236 2093; x_wconf 83' lang='lat' dir='ltr'>fusum.</span> <span class='ocrx_word' id='word_1_97' title='bbox 269 2011 311 2072; x_wconf 91' lang='lat' dir='ltr'>ad</span> <span class='ocrx_word' id='word_1_98' title='bbox 335 2031 419 2091; x_wconf 91' lang='lat' dir='ltr'>quae</span> <span class='ocrx_word' id='word_1_99' title='bbox 444 2009 540 2072; x_wconf 82' lang='lat' dir='ltr'>fortia</span> <span class='ocrx_word' id='word_1_100' title='bbox 564 2011 650 2072; x_wconf 88' lang='lat' dir='ltr'>misit</span> <span class='ocrx_word' id='word_1_101' title='bbox 673 2031 805 2073; x_wconf 91' lang='lat' dir='ltr'>manum</span> <span class='ocrx_word' id='word_1_102' title='bbox 829 2031 922 2074; x_wconf 89' lang='lat' dir='ltr'>suam</span> <span class='ocrx_word' id='word_1_103' title='bbox 946 2011 1059 2072; x_wconf 91' lang='lat' dir='ltr'>mulier</span> <span class='ocrx_word' id='word_1_104' title='bbox 1083 2007 1194 2072; x_wconf 80' lang='lat' dir='ltr'>sortis?</span> <span class='ocrx_word' id='word_1_105' title='bbox 1224 2029 1344 2072; x_wconf 90' lang='lat' dir='ltr'>memo-</span> 
     </span>
     <span class='ocr_line' id='line_1_16' title="bbox 81 2117 1345 2200; baseline -0.003 -18"><span class='ocrx_word' id='word_1_106' title='bbox 81 2122 197 2183; x_wconf 66' lang='lat' dir='ltr'>:stiam</span> <span class='ocrx_word' id='word_1_107' title='bbox 231 2117 426 2180; x_wconf 88' lang='lat' dir='ltr'>mirabilium</span> <span class='ocrx_word' id='word_1_108' title='bbox 457 2139 590 2181; x_wconf 90' lang='lat' dir='ltr'>suorum</span> <span class='ocrx_word' id='word_1_109' title='bbox 621 2117 696 2181; x_wconf 84' lang='lat' dir='ltr'>lecit</span> <span class='ocrx_word' id='word_1_110' title='bbox 729 2139 885 2200; x_wconf 87' lang='lat' dir='ltr'>peream</span> <span class='ocrx_word' id='word_1_111' title='bbox 910 2119 1093 2180; x_wconf 89' lang='lat' dir='ltr'>misericors</span> <span class='ocrx_word' id='word_1_112' title='bbox 1117 2125 1150 2178; x_wconf 89' lang='lat' dir='ltr'>et</span> <span class='ocrx_word' id='word_1_113' title='bbox 1174 2117 1345 2178; x_wconf 86' lang='lat' dir='ltr'>miserator</span> 
     </span>
     <span class='ocr_line' id='line_1_17' title="bbox 118 2225 1344 2308; baseline 0 -20"><span class='ocrx_word' id='word_1_114' title='bbox 118 2227 299 2300; x_wconf 77' lang='lat' dir='ltr'>DominuS,</span> <span class='ocrx_word' id='word_1_115' title='bbox 341 2225 494 2288; x_wconf 91' lang='lat' dir='ltr'>uirtutem</span> <span class='ocrx_word' id='word_1_116' title='bbox 532 2246 669 2308; x_wconf 91' lang='lat' dir='ltr'>operum</span> <span class='ocrx_word' id='word_1_117' title='bbox 708 2247 841 2289; x_wconf 84' lang='lat' dir='ltr'>suorum</span> <span class='ocrx_word' id='word_1_118' title='bbox 880 2227 1083 2289; x_wconf 88' lang='lat' dir='ltr'>annuntiauit</span> <span class='ocrx_word' id='word_1_119' title='bbox 1122 2226 1159 2288; x_wconf 93' lang='lat' dir='ltr'>ei.</span> <span class='ocrx_word' id='word_1_120' title='bbox 1206 2235 1344 2306; x_wconf 90' lang='lat' dir='ltr'>quorum</span> 
     </span>
     <span class='ocr_line' id='line_1_18' title="bbox 123 2331 1344 2416; baseline 0 -22"><span class='ocrx_word' id='word_1_121' title='bbox 123 2331 278 2416; x_wconf 85' lang='lat' dir='ltr'>operum?</span> <span class='ocrx_word' id='word_1_122' title='bbox 302 2353 388 2413; x_wconf 90' lang='lat' dir='ltr'>quae</span> <span class='ocrx_word' id='word_1_123' title='bbox 411 2333 473 2395; x_wconf 90' lang='lat' dir='ltr'>sub</span> <span class='ocrx_word' id='word_1_124' title='bbox 496 2335 605 2414; x_wconf 90' lang='lat' dir='ltr'>priore</span> <span class='ocrx_word' id='word_1_125' title='bbox 629 2341 830 2396; x_wconf 86' lang='lat' dir='ltr'>testamento</span> <span class='ocrx_word' id='word_1_126' title='bbox 854 2334 886 2396; x_wconf 93' lang='lat' dir='ltr'>in</span> <span class='ocrx_word' id='word_1_127' title='bbox 910 2333 1007 2416; x_wconf 89' lang='lat' dir='ltr'>plebe</span> <span class='ocrx_word' id='word_1_128' title='bbox 1031 2353 1089 2394; x_wconf 89' lang='lat' dir='ltr'>sua</span> <span class='ocrx_word' id='word_1_129' title='bbox 1114 2341 1269 2414; x_wconf 88' lang='lat' dir='ltr'>operatus</span> <span class='ocrx_word' id='word_1_130' title='bbox 1285 2343 1344 2396; x_wconf 87' lang='lat' dir='ltr'>est.</span> 
     </span>
     <span class='ocr_line' id='line_1_19' title="bbox 119 2439 1345 2524; baseline 0.001 -21"><span class='ocrx_word' id='word_1_131' title='bbox 119 2439 290 2507; x_wconf 80' lang='lat' dir='ltr'>Antiocho</span> <span class='ocrx_word' id='word_1_132' title='bbox 320 2460 415 2522; x_wconf 87' lang='lat' dir='ltr'>rege,</span> <span class='ocrx_word' id='word_1_133' title='bbox 447 2441 656 2522; x_wconf 85' lang='lat' dir='ltr'>tyrannidem</span> <span class='ocrx_word' id='word_1_134' title='bbox 687 2451 865 2505; x_wconf 87' lang='lat' dir='ltr'>exercente</span> <span class='ocrx_word' id='word_1_135' title='bbox 897 2442 929 2503; x_wconf 94' lang='lat' dir='ltr'>in</span> <span class='ocrx_word' id='word_1_136' title='bbox 960 2440 1118 2524; x_wconf 90' lang='lat' dir='ltr'>populum</span> <span class='ocrx_word' id='word_1_137' title='bbox 1148 2441 1226 2516; x_wconf 88' lang='lat' dir='ltr'>Dei,</span> <span class='ocrx_word' id='word_1_138' title='bbox 1258 2451 1294 2503; x_wconf 90' lang='lat' dir='ltr'>ut</span> <span class='ocrx_word' id='word_1_139' title='bbox 1325 2463 1345 2504; x_wconf 89' lang='lat' dir='ltr'>a</span> 
     </span>
     <span class='ocr_line' id='line_1_20' title="bbox 119 2547 1345 2631; baseline 0.002 -20"><span class='ocrx_word' id='word_1_140' title='bbox 119 2551 231 2631; x_wconf 88' lang='lat' dir='ltr'>patriis</span> <span class='ocrx_word' id='word_1_141' title='bbox 263 2547 391 2629; x_wconf 89' lang='lat' dir='ltr'>legibus</span> <span class='ocrx_word' id='word_1_142' title='bbox 423 2549 465 2611; x_wconf 91' lang='lat' dir='ltr'>ad</span> <span class='ocrx_word' id='word_1_143' title='bbox 496 2549 688 2630; x_wconf 85' lang='lat' dir='ltr'>gentilitatis</span> <span class='ocrx_word' id='word_1_144' title='bbox 718 2551 816 2612; x_wconf 92' lang='lat' dir='ltr'>ritum</span> <span class='ocrx_word' id='word_1_145' title='bbox 846 2549 1012 2612; x_wconf 80' lang='lat' dir='ltr'>transferri</span> <span class='ocrx_word' id='word_1_146' title='bbox 1034 2548 1230 2631; x_wconf 76' lang='lat' dir='ltr'>cogeretur,</span> <span class='ocrx_word' id='word_1_147' title='bbox 1261 2550 1345 2613; x_wconf 87' lang='lat' dir='ltr'>inter</span> 
     </span>
     <span class='ocr_line' id='line_1_21' title="bbox 90 2655 1344 2741; baseline 0.001 -22"><span class='ocrx_word' id='word_1_148' title='bbox 90 2681 114 2706; x_wconf 83' lang='lat'>20</span> <span class='ocrx_word' id='word_1_149' title='bbox 123 2666 243 2732; x_wconf 88' lang='lat' dir='ltr'>cetera,</span> <span class='ocrx_word' id='word_1_150' title='bbox 267 2678 351 2737; x_wconf 88' lang='lat' dir='ltr'>quae</span> <span class='ocrx_word' id='word_1_151' title='bbox 376 2655 438 2718; x_wconf 91' lang='lat' dir='ltr'>hac</span> <span class='ocrx_word' id='word_1_152' title='bbox 462 2666 661 2739; x_wconf 89' lang='lat' dir='ltr'>tempestate</span> <span class='ocrx_word' id='word_1_153' title='bbox 685 2679 705 2719; x_wconf 93' lang='lat' dir='ltr'>a</span> <span class='ocrx_word' id='word_1_154' title='bbox 728 2657 1029 2741; x_wconf 85' lang='lat' dir='ltr'>propugnatoribus</span> <span class='ocrx_word' id='word_1_155' title='bbox 1053 2657 1194 2719; x_wconf 88' lang='lat' dir='ltr'>iustitiae</span> <span class='ocrx_word' id='word_1_156' title='bbox 1218 2656 1344 2721; x_wconf 86' lang='lat' dir='ltr'>sortiter</span> 
     </span>
     <span class='ocr_line' id='line_1_22' title="bbox 128 2762 1344 2847; baseline 0.002 -22"><span class='ocrx_word' id='word_1_157' title='bbox 128 2773 214 2843; x_wconf 87' lang='lat' dir='ltr'>gesta</span> <span class='ocrx_word' id='word_1_158' title='bbox 236 2772 322 2839; x_wconf 87' lang='lat' dir='ltr'>sunt,</span> <span class='ocrx_word' id='word_1_159' title='bbox 345 2764 444 2825; x_wconf 90' lang='lat' dir='ltr'>etiam</span> <span class='ocrx_word' id='word_1_160' title='bbox 469 2762 533 2827; x_wconf 92' lang='lat' dir='ltr'>hoc</span> <span class='ocrx_word' id='word_1_161' title='bbox 556 2764 690 2845; x_wconf 90' lang='lat' dir='ltr'>legitur:</span> <span class='ocrx_word' id='word_1_162' title='bbox 715 2767 791 2846; x_wconf 89' lang='lat' dir='ltr'>quia</span> <span class='ocrx_word' id='word_1_163' title='bbox 815 2766 963 2845; x_wconf 86' lang='lat' dir='ltr'>contigit,</span> <span class='ocrx_word' id='word_1_164' title='bbox 987 2773 1114 2847; x_wconf 89' lang='lat' dir='ltr'>septem</span> <span class='ocrx_word' id='word_1_165' title='bbox 1139 2763 1255 2826; x_wconf 83' lang='lat' dir='ltr'>fratres</span> <span class='ocrx_word' id='word_1_166' title='bbox 1279 2784 1344 2827; x_wconf 85' lang='lat' dir='ltr'>una</span> 
     </span>
     <span class='ocr_line' id='line_1_23' title="bbox 128 2869 1342 2952; baseline 0.001 -19"><span class='ocrx_word' id='word_1_167' title='bbox 128 2891 197 2933; x_wconf 91' lang='lat' dir='ltr'>cum</span> <span class='ocrx_word' id='word_1_168' title='bbox 217 2878 321 2933; x_wconf 88' lang='lat' dir='ltr'>matre</span> <span class='ocrx_word' id='word_1_169' title='bbox 344 2869 571 2952; x_wconf 83' lang='lat' dir='ltr'>apprehensos</span> <span class='ocrx_word' id='word_1_170' title='bbox 595 2870 747 2952; x_wconf 93' lang='lat' dir='ltr'>compelli</span> <span class='ocrx_word' id='word_1_171' title='bbox 771 2892 791 2933; x_wconf 92' lang='lat' dir='ltr'>a</span> <span class='ocrx_word' id='word_1_172' title='bbox 814 2892 893 2952; x_wconf 89' lang='lat' dir='ltr'>rege</span> <span class='ocrx_word' id='word_1_173' title='bbox 923 2872 1114 2952; x_wconf 85' lang='lat' dir='ltr'>contingere</span> <span class='ocrx_word' id='word_1_174' title='bbox 1148 2880 1263 2933; x_wconf 88' lang='lat' dir='ltr'>contra</span> <span class='ocrx_word' id='word_1_175' title='bbox 1294 2871 1342 2934; x_wconf 87' lang='lat' dir='ltr'>las</span> 
     </span>
     <span class='ocr_line' id='line_1_24' title="bbox 123 2978 1341 3061; baseline 0.001 -20"><span class='ocrx_word' id='word_1_176' title='bbox 123 2998 232 3041; x_wconf 85' lang='lat' dir='ltr'>carnes</span> <span class='ocrx_word' id='word_1_177' title='bbox 263 2978 432 3060; x_wconf 66' lang='lat' dir='ltr'>porcium,</span> <span class='ocrx_word' id='word_1_178' title='bbox 464 2987 497 3041; x_wconf 89' lang='lat' dir='ltr'>et</span> <span class='ocrx_word' id='word_1_179' title='bbox 529 2978 640 3061; x_wconf 85' lang='lat' dir='ltr'>flagris</span> <span class='ocrx_word' id='word_1_180' title='bbox 670 2988 703 3040; x_wconf 89' lang='lat' dir='ltr'>et</span> <span class='ocrx_word' id='word_1_181' title='bbox 736 2980 855 3041; x_wconf 89' lang='lat' dir='ltr'>taureis</span> <span class='ocrx_word' id='word_1_182' title='bbox 880 2980 1022 3041; x_wconf 89' lang='lat' dir='ltr'>cruciari.</span> <span class='ocrx_word' id='word_1_183' title='bbox 1055 2979 1110 3059; x_wconf 90' lang='lat' dir='ltr'>qui</span> <span class='ocrx_word' id='word_1_184' title='bbox 1134 2980 1341 3060; x_wconf 86' lang='lat' dir='ltr'>acquiescere</span> 
     </span>
     <span class='ocr_line' id='line_1_25' title="bbox 117 3086 1342 3167; baseline 0 -18"><span class='ocrx_word' id='word_1_185' title='bbox 117 3095 384 3161; x_wconf 76' lang='lat' dir='ltr'>contemnenteS,</span> <span class='ocrx_word' id='word_1_186' title='bbox 415 3086 509 3147; x_wconf 89' lang='lat' dir='ltr'>nouis</span> <span class='ocrx_word' id='word_1_187' title='bbox 541 3095 574 3148; x_wconf 90' lang='lat' dir='ltr'>et</span> <span class='ocrx_word' id='word_1_188' title='bbox 605 3086 776 3167; x_wconf 87' lang='lat' dir='ltr'>exquisitis</span> <span class='ocrx_word' id='word_1_189' title='bbox 808 3094 1046 3148; x_wconf 88' lang='lat' dir='ltr'>tormentorum</span> <span class='ocrx_word' id='word_1_190' title='bbox 1070 3086 1244 3167; x_wconf 87' lang='lat' dir='ltr'>generibus</span> <span class='ocrx_word' id='word_1_191' title='bbox 1268 3107 1342 3149; x_wconf 91' lang='lat' dir='ltr'>con·</span> 
     </span>
     <span class='ocr_line' id='line_1_26' title="bbox 81 3193 1341 3274; baseline 0.002 -20"><span class='ocrx_word' id='word_1_192' title='bbox 81 3218 104 3254; x_wconf 76' lang='lat'>2⁵</span> <span class='ocrx_word' id='word_1_193' title='bbox 113 3194 270 3256; x_wconf 87' lang='lat' dir='ltr'>summati</span> <span class='ocrx_word' id='word_1_194' title='bbox 305 3200 389 3255; x_wconf 87' lang='lat' dir='ltr'>sunt.</span> <span class='ocrx_word' id='word_1_195' title='bbox 427 3193 469 3253; x_wconf 89' lang='lat' dir='ltr'>de</span> <span class='ocrx_word' id='word_1_196' title='bbox 504 3213 644 3273; x_wconf 90' lang='lat' dir='ltr'>quorum</span> <span class='ocrx_word' id='word_1_197' title='bbox 679 3202 783 3255; x_wconf 89' lang='lat' dir='ltr'>matre</span> <span class='ocrx_word' id='word_1_198' title='bbox 819 3194 1038 3274; x_wconf 88' lang='lat' dir='ltr'>subiungitur:</span> <span class='ocrx_word' id='word_1_199' title='bbox 1076 3213 1175 3274; x_wconf 89' lang='lat' dir='ltr'>supra</span> <span class='ocrx_word' id='word_1_200' title='bbox 1207 3194 1341 3257; x_wconf 92' lang='lat' dir='ltr'>modum</span> 
     </span>
     <span class='ocr_line' id='line_1_27' title="bbox 113 3298 1341 3381; baseline 0 -18"><span class='ocrx_word' id='word_1_201' title='bbox 113 3311 227 3364; x_wconf 90' lang='lat' dir='ltr'>autem</span> <span class='ocrx_word' id='word_1_202' title='bbox 266 3310 371 3362; x_wconf 88' lang='lat' dir='ltr'>mater</span> <span class='ocrx_word' id='word_1_203' title='bbox 416 3298 570 3361; x_wconf 86' lang='lat' dir='ltr'>mirabilis</span> <span class='ocrx_word' id='word_1_204' title='bbox 616 3309 650 3362; x_wconf 89' lang='lat' dir='ltr'>et</span> <span class='ocrx_word' id='word_1_205' title='bbox 696 3300 860 3363; x_wconf 91' lang='lat' dir='ltr'>bonorum</span> <span class='ocrx_word' id='word_1_206' title='bbox 900 3301 1056 3362; x_wconf 88' lang='lat' dir='ltr'>memoria</span> <span class='ocrx_word' id='word_1_207' title='bbox 1095 3301 1211 3381; x_wconf 85' lang='lat' dir='ltr'>digna,</span> <span class='ocrx_word' id='word_1_208' title='bbox 1257 3320 1341 3381; x_wconf 89' lang='lat' dir='ltr'>quae</span> 
     </span>
     <span class='ocr_line' id='line_1_28' title="bbox 111 3405 1341 3492; baseline -0.001 -21"><span class='ocrx_word' id='word_1_209' title='bbox 111 3417 293 3492; x_wconf 90' lang='lat' dir='ltr'>pereuntes</span> <span class='ocrx_word' id='word_1_210' title='bbox 316 3417 444 3489; x_wconf 90' lang='lat' dir='ltr'>septem</span> <span class='ocrx_word' id='word_1_211' title='bbox 468 3405 551 3467; x_wconf 88' lang='lat' dir='ltr'>filios</span> <span class='ocrx_word' id='word_1_212' title='bbox 575 3407 635 3468; x_wconf 90' lang='lat' dir='ltr'>sub</span> <span class='ocrx_word' id='word_1_213' title='bbox 657 3409 750 3470; x_wconf 90' lang='lat' dir='ltr'>unius</span> <span class='ocrx_word' id='word_1_214' title='bbox 766 3408 830 3470; x_wconf 90' lang='lat' dir='ltr'>diei</span> <span class='ocrx_word' id='word_1_215' title='bbox 848 3417 996 3490; x_wconf 91' lang='lat' dir='ltr'>tempore</span> <span class='ocrx_word' id='word_1_216' title='bbox 1022 3408 1228 3490; x_wconf 87' lang='lat' dir='ltr'>conspiciens</span> <span class='ocrx_word' id='word_1_217' title='bbox 1252 3408 1341 3471; x_wconf 90' lang='lat' dir='ltr'>bono</span> 
     </span>
     <span class='ocr_line' id='line_1_29' title="bbox 112 3514 1341 3597; baseline 0 -18"><span class='ocrx_word' id='word_1_218' title='bbox 112 3518 226 3579; x_wconf 91' lang='lat' dir='ltr'>animo</span> <span class='ocrx_word' id='word_1_219' title='bbox 250 3514 377 3577; x_wconf 88' lang='lat' dir='ltr'>serebat</span> <span class='ocrx_word' id='word_1_220' title='bbox 399 3522 542 3597; x_wconf 72' lang='lat' dir='ltr'>propterv</span> <span class='ocrx_word' id='word_1_221' title='bbox 559 3534 661 3595; x_wconf 88' lang='lat' dir='ltr'>spem,</span> <span class='ocrx_word' id='word_1_222' title='bbox 685 3535 784 3595; x_wconf 92' lang='lat' dir='ltr'>quam</span> <span class='ocrx_word' id='word_1_223' title='bbox 809 3514 953 3579; x_wconf 90' lang='lat' dir='ltr'>habebat</span> <span class='ocrx_word' id='word_1_224' title='bbox 969 3516 1001 3577; x_wconf 92' lang='lat' dir='ltr'>in</span> <span class='ocrx_word' id='word_1_225' title='bbox 1017 3516 1170 3577; x_wconf 90' lang='lat' dir='ltr'>Domino.</span> <span class='ocrx_word' id='word_1_226' title='bbox 1195 3517 1341 3597; x_wconf 86' lang='lat' dir='ltr'>singulos</span> 
     </span>
     <span class='ocr_line' id='line_1_30' title="bbox 111 3622 1341 3705; baseline -0.001 -18"><span class='ocrx_word' id='word_1_227' title='bbox 111 3644 231 3687; x_wconf 91' lang='lat' dir='ltr'>eorum</span> <span class='ocrx_word' id='word_1_228' title='bbox 262 3622 456 3685; x_wconf 86' lang='lat' dir='ltr'>hortabatur</span> <span class='ocrx_word' id='word_1_229' title='bbox 486 3622 600 3703; x_wconf 87' lang='lat' dir='ltr'>patria·</span> <span class='ocrx_word' id='word_1_230' title='bbox 623 3642 721 3696; x_wconf 88' lang='lat' dir='ltr'>uoce,</span> <span class='ocrx_word' id='word_1_231' title='bbox 752 3622 879 3705; x_wconf 90' lang='lat' dir='ltr'>repleta</span> <span class='ocrx_word' id='word_1_232' title='bbox 910 3624 1087 3705; x_wconf 87' lang='lat' dir='ltr'>sapientia,</span> <span class='ocrx_word' id='word_1_233' title='bbox 1119 3633 1152 3685; x_wconf 90' lang='lat' dir='ltr'>et</span> <span class='ocrx_word' id='word_1_234' title='bbox 1183 3622 1341 3686; x_wconf 86' lang='lat' dir='ltr'>femineae</span> 
     </span>
     <span class='ocr_line' id='line_1_31' title="bbox 74 3729 1342 3812; baseline 0.001 -20"><span class='ocrx_word' id='word_1_235' title='bbox 74 3767 100 3801; x_wconf 72' lang='lat'>30</span> <span class='ocrx_word' id='word_1_236' title='bbox 112 3731 309 3812; x_wconf 87' lang='lat' dir='ltr'>cogitationi</span> <span class='ocrx_word' id='word_1_237' title='bbox 332 3731 456 3793; x_wconf 90' lang='lat' dir='ltr'>uirilem</span> <span class='ocrx_word' id='word_1_238' title='bbox 481 3731 624 3793; x_wconf 93' lang='lat' dir='ltr'>animum</span> <span class='ocrx_word' id='word_1_239' title='bbox 647 3731 810 3807; x_wconf 88' lang='lat' dir='ltr'>inserens,</span> <span class='ocrx_word' id='word_1_240' title='bbox 840 3740 874 3793; x_wconf 92' lang='lat' dir='ltr'>et</span> <span class='ocrx_word' id='word_1_241' title='bbox 898 3740 1016 3793; x_wconf 88' lang='lat' dir='ltr'>cetera.</span> <span class='ocrx_word' id='word_1_242' title='bbox 1047 3729 1128 3793; x_wconf 90' lang='lat' dir='ltr'>haec</span> <span class='ocrx_word' id='word_1_243' title='bbox 1153 3741 1228 3793; x_wconf 90' lang='lat' dir='ltr'>sunt</span> <span class='ocrx_word' id='word_1_244' title='bbox 1251 3732 1342 3793; x_wconf 90' lang='lat' dir='ltr'>mira·</span> 
     </span>
     <span class='ocr_line' id='line_1_32' title="bbox 111 3837 1341 3919; baseline 0 -18"><span class='ocrx_word' id='word_1_245' title='bbox 111 3839 201 3914; x_wconf 68' lang='lat' dir='ltr'>bilia„</span> <span class='ocrx_word' id='word_1_246' title='bbox 225 3858 365 3919; x_wconf 93' lang='lat' dir='ltr'>quorum</span> <span class='ocrx_word' id='word_1_247' title='bbox 388 3837 580 3901; x_wconf 89' lang='lat' dir='ltr'>memoriam</span> <span class='ocrx_word' id='word_1_248' title='bbox 604 3857 663 3919; x_wconf 89' lang='lat' dir='ltr'>per</span> <span class='ocrx_word' id='word_1_249' title='bbox 685 3837 818 3900; x_wconf 86' lang='lat' dir='ltr'>beatam</span> <span class='ocrx_word' id='word_1_250' title='bbox 842 3837 1045 3900; x_wconf 89' lang='lat' dir='ltr'>Felicitatem</span> <span class='ocrx_word' id='word_1_251' title='bbox 1070 3837 1227 3901; x_wconf 89' lang='lat' dir='ltr'>celebrari</span> <span class='ocrx_word' id='word_1_252' title='bbox 1250 3839 1341 3901; x_wconf 90' lang='lat' dir='ltr'>Deus</span> 
     </span>
     <span class='ocr_line' id='line_1_33' title="bbox 113 3945 1342 4027; baseline 0.001 -19"><span class='ocrx_word' id='word_1_253' title='bbox 113 3945 227 4008; x_wconf 89' lang='lat' dir='ltr'>uoluit.</span> <span class='ocrx_word' id='word_1_254' title='bbox 259 3945 344 4008; x_wconf 89' lang='lat' dir='ltr'>hanc</span> <span class='ocrx_word' id='word_1_255' title='bbox 375 3947 528 4008; x_wconf 88' lang='lat' dir='ltr'>uirtutem</span> <span class='ocrx_word' id='word_1_256' title='bbox 560 3965 697 4027; x_wconf 92' lang='lat' dir='ltr'>operum</span> <span class='ocrx_word' id='word_1_257' title='bbox 722 3965 855 4008; x_wconf 87' lang='lat' dir='ltr'>suorum</span> <span class='ocrx_word' id='word_1_258' title='bbox 879 3946 1082 4007; x_wconf 89' lang='lat' dir='ltr'>annuntiauit</span> <span class='ocrx_word' id='word_1_259' title='bbox 1106 3946 1150 4021; x_wconf 89' lang='lat' dir='ltr'>ei,</span> <span class='ocrx_word' id='word_1_260' title='bbox 1182 3955 1217 4010; x_wconf 91' lang='lat' dir='ltr'>ut</span> <span class='ocrx_word' id='word_1_261' title='bbox 1249 3946 1342 4009; x_wconf 89' lang='lat' dir='ltr'>daret</span> 
     </span>
     <span class='ocr_line' id='line_1_34' title="bbox 114 4052 1341 4136; baseline -0.002 -20"><span class='ocrx_word' id='word_1_262' title='bbox 114 4055 215 4116; x_wconf 89' lang='lat' dir='ltr'>etiam</span> <span class='ocrx_word' id='word_1_263' title='bbox 248 4054 310 4136; x_wconf 91' lang='lat' dir='ltr'>ipsi</span> <span class='ocrx_word' id='word_1_264' title='bbox 342 4052 558 4118; x_wconf 88' lang='lat' dir='ltr'>hereditatem</span> <span class='ocrx_word' id='word_1_265' title='bbox 591 4062 623 4116; x_wconf 91' lang='lat' dir='ltr'>et</span> <span class='ocrx_word' id='word_1_266' title='bbox 647 4054 808 4116; x_wconf 90' lang='lat' dir='ltr'>diuideret</span> <span class='ocrx_word' id='word_1_267' title='bbox 832 4054 860 4115; x_wconf 92' lang='lat' dir='ltr'>ei</span> <span class='ocrx_word' id='word_1_268' title='bbox 885 4062 1012 4135; x_wconf 86' lang='lat' dir='ltr'>partem</span> <span class='ocrx_word' id='word_1_269' title='bbox 1035 4055 1068 4115; x_wconf 91' lang='lat' dir='ltr'>in</span> <span class='ocrx_word' id='word_1_270' title='bbox 1092 4054 1246 4117; x_wconf 87' lang='lat' dir='ltr'>tribubus</span> <span class='ocrx_word' id='word_1_271' title='bbox 1264 4054 1341 4115; x_wconf 90' lang='lat' dir='ltr'>duo-</span> 
     </span>
     <span class='ocr_line' id='line_1_35' title="bbox 115 4160 1341 4243; baseline -0.001 -19"><span class='ocrx_word' id='word_1_272' title='bbox 115 4162 232 4224; x_wconf 91' lang='lat' dir='ltr'>decim.</span> <span class='ocrx_word' id='word_1_273' title='bbox 266 4161 349 4224; x_wconf 90' lang='lat' dir='ltr'>haec</span> <span class='ocrx_word' id='word_1_274' title='bbox 381 4160 583 4224; x_wconf 80' lang='lat' dir='ltr'>suntlortia</span> <span class='ocrx_word' id='word_1_275' title='bbox 614 4162 822 4243; x_wconf 91' lang='lat' dir='ltr'>antiquorum</span> <span class='ocrx_word' id='word_1_276' title='bbox 855 4160 1011 4243; x_wconf 91' lang='lat' dir='ltr'>exempla</span> <span class='ocrx_word' id='word_1_277' title='bbox 1019 4187 1026 4236; x_wconf 65' lang='lat'><em>3</em></span> <span class='ocrx_word' id='word_1_278' title='bbox 1065 4161 1107 4223; x_wconf 89' lang='lat' dir='ltr'>ad</span> <span class='ocrx_word' id='word_1_279' title='bbox 1139 4182 1223 4243; x_wconf 85' lang='lat' dir='ltr'>quae</span> <span class='ocrx_word' id='word_1_280' title='bbox 1255 4161 1341 4226; x_wconf 86' lang='lat' dir='ltr'>misit</span> 
     </span>
     <span class='ocr_line' id='line_1_36' title="bbox 78 4266 1367 4349; baseline -0.006 -12"><span class='ocrx_word' id='word_1_281' title='bbox 78 4300 105 4338; x_wconf 82' lang='lat'>35</span> <span class='ocrx_word' id='word_1_282' title='bbox 115 4289 249 4333; x_wconf 90' lang='lat' dir='ltr'>manum</span> <span class='ocrx_word' id='word_1_283' title='bbox 273 4289 375 4343; x_wconf 89' lang='lat' dir='ltr'>suam,</span> <span class='ocrx_word' id='word_1_284' title='bbox 406 4290 491 4349; x_wconf 88' lang='lat' dir='ltr'>quae</span> <span class='ocrx_word' id='word_1_285' title='bbox 515 4269 638 4332; x_wconf 90' lang='lat' dir='ltr'>scilicet</span> <span class='ocrx_word' id='word_1_286' title='bbox 660 4269 777 4331; x_wconf 88' lang='lat' dir='ltr'>imitari</span> <span class='ocrx_word' id='word_1_287' title='bbox 802 4268 908 4349; x_wconf 90' lang='lat' dir='ltr'>elegit.</span> <span class='ocrx_word' id='word_1_288' title='bbox 939 4269 1054 4331; x_wconf 91' lang='lat' dir='ltr'>sedin</span> <span class='ocrx_word' id='word_1_289' title='bbox 1078 4288 1144 4349; x_wconf 94' lang='lat' dir='ltr'>quo</span> <span class='ocrx_word' id='word_1_290' title='bbox 1168 4266 1250 4330; x_wconf 90' lang='lat' dir='ltr'>haec</span> <span class='ocrx_word' id='word_1_291' title='bbox 1274 4277 1341 4329; x_wconf 88' lang='lat' dir='ltr'>tam</span> <span class='ocrx_word' id='word_1_292' title='bbox 1365 4294 1367 4299; x_wconf 63' lang='grc'>’</span> 
     </span>
    </p>
   </div>
   <div class='ocr_carea' id='block_1_6' title="bbox 223 4388 1340 4549">
    <p class='ocr_par' dir='ltr' id='par_1_6' title="bbox 223 4388 1340 4549">
     <span class='ocr_line' id='line_1_37' title="bbox 223 4388 1340 4478; baseline 0.001 -20"><span class='ocrx_word' id='word_1_293' title='bbox 223 4424 247 4465; x_wconf 83' lang='lat'>2.</span> <span class='ocrx_word' id='word_1_294' title='bbox 269 4412 309 4464; x_wconf 85' lang='lat' dir='ltr'>Ps,</span> <span class='ocrx_word' id='word_1_295' title='bbox 333 4410 389 4472; x_wconf 86' lang='lat'>118,</span> <span class='ocrx_word' id='word_1_296' title='bbox 413 4421 469 4474; x_wconf 73' lang='lat'>105,</span> <span class='ocrx_word' id='word_1_297' title='bbox 489 4439 525 4452; x_wconf 58' lang='lat'>—2</span> <span class='ocrx_word' id='word_1_298' title='bbox 547 4408 585 4463; x_wconf 83' lang='lat'>16.</span> <span class='ocrx_word' id='word_1_299' title='bbox 606 4410 679 4463; x_wconf 79' lang='lat' dir='ltr'>Conf.</span> <span class='ocrx_word' id='word_1_300' title='bbox 700 4414 740 4464; x_wconf 81' lang='lat' dir='ltr'>Ps,</span> <span class='ocrx_word' id='word_1_301' title='bbox 764 4424 821 4474; x_wconf 85' lang='lat'>110,</span> <span class='ocrx_word' id='word_1_302' title='bbox 841 4426 858 4473; x_wconf 89' lang='lat'>4</span> <span class='ocrx_word' id='word_1_303' title='bbox 876 4428 912 4478; x_wconf 86' lang='lat' dir='ltr'>sq.</span> <span class='ocrx_word' id='word_1_304' title='bbox 939 4438 974 4447; x_wconf 89' lang='lat'><em>-</em></span> <span class='ocrx_word' id='word_1_305' title='bbox 1000 4422 1041 4473; x_wconf 87' lang='lat'>30.</span> <span class='ocrx_word' id='word_1_306' title='bbox 1062 4388 1134 4459; x_wconf 79' lang='lat' dir='ltr'>Conl.</span> <span class='ocrx_word' id='word_1_307' title='bbox 1156 4412 1189 4458; x_wconf 94' lang='grc' dir='ltr'>ΙΙ.</span> <span class='ocrx_word' id='word_1_308' title='bbox 1211 4411 1295 4459; x_wconf 87' lang='lat' dir='ltr'>Mach.</span> <span class='ocrx_word' id='word_1_309' title='bbox 1317 4422 1340 4472; x_wconf 91' lang='lat'>7.</span> 
     </span>
     <span class='ocr_line' id='line_1_38' title="bbox 754 4494 1198 4549; baseline 0 -33"><span class='ocrx_word' id='word_1_310' title='bbox 754 4510 758 4516; x_wconf 93' lang='lat'>.</span> <span class='ocrx_word' id='word_1_311' title='bbox 1162 4494 1198 4549; x_wconf 58' lang='grc' dir='ltr'>ὁ*</span> 
     </span>
    </p>
   </div>
   <div class='ocr_carea' id='block_1_7' title="bbox 0 0 1588 5025">
    <p class='ocr_par' dir='ltr' id='par_1_7' title="bbox 0 0 1588 5025">
     <span class='ocr_line' id='line_1_39' title="bbox 0 0 1588 5025; baseline 0 1"><span class='ocrx_word' id='word_1_312' title='bbox 0 0 1588 5025; x_wconf 95' lang='lat' dir='ltr'> </span> 
     </span>
    </p>
   </div>
  </div>
 </body>
</html>
