3167 5025
1270 209 1308 277 41

84 384 308 467 internuntiiS,
341 385 383 455 ad
416 383 649 456 conferendam
682 389 711 455 ei
743 387 882 456 salutem
912 389 1090 457 Dominum
1124 388 1313 474 inuitemus;

84 520 189 581 quem
225 509 260 562 ut
296 502 429 581 dignius
468 503 692 585 suscipiamus
730 504 884 584 indignos
921 524 983 565 nos
1021 504 1089 565 eius
1129 505 1315 566 uisitatione

82 606 265 669 humillime
304 608 535 685 confiteamur,
582 610 729 673 dicentes
771 612 801 672 ei
839 610 957 692 singuli
995 632 1069 673 curn
1108 613 1314 674 centurione:

81 716 226 777 Domine
248 738 310 778 riou
333 716 404 780 sum
428 718 553 799 diguus,
578 728 614 780 ut
628 719 725 782 intres
747 740 819 780 sum
834 728 948 780 tectum
964 740 1076 791 meum,
1100 711 1314 781 ueruntamen

62 844 159 885 scum
191 824 385 905 ingredieris
416 846 476 909 per
506 825 665 888 indultam
697 825 774 889 mihi
805 827 1090 908 participationem
1114 817 1315 888 sacrosancti

85 933 236 1015 corporis
269 934 315 995 tui
346 943 394 995 et.
410 936 592 1015 sanguiniS,
624 956 662 996 ue
688 935 786 997 intres
809 934 844 995 iu
866 934 1022 996 iudicium
1045 956 1116 995 curn
1139 954 1231 995 seruo
1253 926 1314 1006 tuo,

89 1042 159 1121 quia
185 1062 251 1103 nou
274 1041 504 1124 iustificabitur
524 1042 558 1103 iu
582 1052 744 1123 conspectu
767 1042 870 1103 omnis
894 1042 1013 1103 uiueres.
1043 1041 1097 1103 dic
1120 1041 1227 1113 uerbo,
1259 1043 1314 1122 qui

89 1169 119 1209 es
141 1148 283 1211 uerbum
307 1150 393 1231 patri
416 1158 643 1224 coaeternum,
674 1160 705 1211 et
731 1149 902 1211 sanabitur
924 1161 1008 1231 puer
1032 1170 1128 1210 meus.
1157 1142 1314 1230 'quicquid

88 1256 254 1336 pueriliter
277 1257 309 1318 in
333 1260 385 1319 me'
405 1256 540 1332 lasciuit,
564 1266 698 1340 recepta
714 1258 902 1319 maturitate
919 1256 1135 1331 roborabitur,
1160 1251 1314 1337 quicquid

59 1386 79 1409 10
88 1365 204 1425 uitiosa
229 1363 398 1426 debilitate
423 1364 564 1445 languet,
596 1362 720 1445 gratiae
745 1372 821 1427 tuae
846 1364 976 1427 medela
998 1366 1251 1447 recuperabitur,
1279 1373 1315 1426 ut

87 1471 263 1533 benedicat
295 1471 354 1533 tibi
387 1473 495 1533 anima
527 1492 601 1533 mea
634 1480 666 1534 et
700 1473 811 1534 omnia
843 1473 997 1534 interiora
1029 1492 1119 1546 mea,
1154 1467 1315 1534 consonet

88 1582 183 1641 etiam
208 1587 283 1641 tota
307 1581 479 1642 exterioris
504 1580 705 1642 substantiae
721 1599 823 1642 vmeae
847 1579 1024 1642 harmonia.

488 1810 804 1876 CAPITVLVM
835 1810 915 1875 XV.

90 1958 242 2033 Qualiter
267 1975 287 2018 a
312 1958 538 2019 Samaritanis
563 1959 674 2035 primo
700 1965 941 2035 contemptus,
973 1964 1096 2033 postea
1129 1942 1314 2035 susceptus

60 2090 80 2124 ιε
575 2064 619 2126 sit
643 2065 826 2125 Dominus,

192 2222 281 2305 Quia
314 2224 488 2286 iucundum
523 2226 614 2287 Deus
652 2223 873 2286 habitaculum
906 2224 938 2285 in
972 2224 1127 2286 cordibus
1165 2224 1314 2306 possidet

101 2339 296 2406 sanctorum,
328 2332 411 2395 sicut
435 2334 593 2414 scriptum
618 2340 683 2393 est:
716 2332 829 2393 auium
853 2332 933 2393 iusti
952 2330 1041 2392 sedes
1063 2342 1110 2393 est
1130 2332 1314 2413 sapientr'ue,

101 2439 177 2499 omni
205 2458 269 2500 nos
302 2440 479 2501 deuotione
511 2440 553 2501 ad
585 2440 754 2522 sequenda
783 2458 897 2501 eorum
921 2440 1060 2520 uestigia
1084 2448 1217 2521 oportet
1241 2459 1315 2501 con·

99 2547 231 2609 tendere.
264 2549 325 2610 nisi
356 2550 442 2610 enim
473 2550 613 2610 iustitiae
646 2557 828 2610 sectatores
851 2547 1021 2623 fuerimuS,
1050 2548 1151 2629 ipsius
1175 2549 1315 2610 iustitiae

70 2678 93 2705 20
102 2655 213 2716 auctori
236 2655 346 2717 locum
371 2655 507 2717 sedendi
531 2657 563 2716 in
587 2649 682 2717 nobis
706 2655 866 2737 praebere
888 2675 955 2716 non
975 2655 1165 2737 poterimus,
1189 2663 1222 2716 et
1246 2657 1273 2716 si
1297 2676 1316 2716 a

104 2759 188 2820 nobis
216 2764 305 2844 quod
337 2763 423 2824 absit
455 2762 657 2839 excluditur,
688 2764 742 2845 qui
775 2763 817 2825 ab
846 2762 915 2824 aliis
939 2763 1060 2824 deuote
1084 2763 1259 2844 suscipitur
1282 2771 1314 2822 et

105 2865 197 2947 digna
225 2871 298 2934 sede
331 2870 526 2946 honoratur,
559 2870 636 2953 quid
662 2880 779 2946 restat,
812 2872 874 2932 nisi
897 2880 932 2932 ut
955 2871 997 2932 ab
1021 2871 1100 2954 ipsis
1124 2871 1222 2932 etiam
1247 2865 1315 2930 eius

99 2980 332 3059 susceptoribus
357 2981 488 3060 grauius
512 2977 710 3042 iudicemur?
742 2996 819 3040 nam
843 2978 984 3053 eisdem,
1015 2979 1047 3039 in
1071 2977 1189 3058 quibus
1213 2977 1315 3049 sedet,

93 3082 183 3146 sedes
213 3087 397 3150 iudiciarias
436 3086 582 3169 polliceri
614 3088 768 3167 dignatus
800 3095 850 3148 est
882 3086 1009 3148 dicens:
1047 3083 1194 3147 sedebitis
1223 3065 1319 3165 super

62 3211 81 3246 2⁵
89 3190 171 3252 sedes
195 3193 361 3256 duodecim
386 3193 565 3256 iudicuutes
588 3193 752 3256 duodecim
776 3193 877 3254 tm'bus
901 3193 1011 3254 Israel.
1036 3213 1140 3273 quam·
1152 3192 1316 3254 iudicandi

88 3309 288 3378 potestatem
328 3302 461 3382 quidam
501 3320 614 3362 eorum
653 3300 751 3362 rudes
795 3297 901 3361 adhuc
940 3300 1040 3360 etiam
1079 3300 1111 3360 in
1150 3298 1315 3380 praesenti

87 3428 241 3473 exercere
273 3409 461 3484 uoluerant,
493 3409 571 3470 dum
603 3407 707 3470 zelum
731 3407 794 3468 Dei
826 3409 885 3469 sed
916 3427 983 3469 non
1012 3407 1192 3468 secundum
1216 3407 1316 3468 scien·

83 3517 158 3579 tiam
183 3516 364 3591 habenteS,
396 3519 428 3578 in
453 3537 527 3592 em,
559 3517 614 3597 qui
638 3517 818 3578 Dominum
841 3516 1007 3596 suscipere
1035 3523 1314 3596 contempserunt,

83 3623 264 3686 uindictam
295 3624 444 3704 protinus
475 3622 657 3685 faciendam
690 3621 920 3684 decernebant.
956 3621 1002 3682 sic
1038 3621 1124 3682 enim
1157 3621 1315 3703 scriptum

58 3745 74 3782 ³⁰
82 3740 143 3794 est:
168 3730 252 3794 dum
277 3729 507 3811 complerentur
528 3730 597 3792 dies
620 3730 850 3811 assumptionis
873 3729 948 3800 eius,
973 3729 1107 3790 Domini
1131 3727 1264 3802 scilicet,
1287 3738 1318 3788 et

80 3838 143 3918 ipse
158 3837 291 3920 sacrem
314 3857 407 3898 suum
422 3836 580 3920 firmauit
601 3845 638 3896 ut
659 3836 721 3897 iret
742 3835 777 3896 iu
793 3833 1008 3906 Hierusalem,
1032 3844 1063 3896 et
1076 3835 1167 3897 misit
1189 3835 1316 3898 nuutios

13 3957 14 3960 ’
80 3957 151 4007 aute
174 3953 375 4026 conspectum
399 3964 501 4006 suum.
532 3953 562 4004 et
591 3952 697 4004 mutes
720 3941 925 4004 intrauerunt
953 3942 988 4002 iu
1014 3942 1177 4005 cim'tutem
1203 3942 1314 4003 Sumu-

80 4052 280 4124 ritauorum,
311 4061 347 4112 ut
362 4061 522 4131 pararent
544 4049 603 4112 illi.
635 4059 665 4112 ct
688 4069 749 4110 um
772 4059 953 4130 receperunt
984 4069 1072 4122 eum,
1106 4049 1183 4130 quia
1207 4049 1316 4128 facus

13 4137 14 4208 ζ
79 4159 145 4221 eius
168 4168 244 4222 erat
264 4158 369 4220 euntis
392 4157 607 4220 Hierusalem.

51 4284 70 4319 ³5
189 4265 372 4330 Samaritae
396 4267 526 4347 quippe,
551 4265 626 4346 quia
650 4263 856 4346 conspiciunt
881 4282 955 4324 eum
979 4263 1024 4325 ire
1049 4263 1081 4324 in
1101 4259 1314 4335 Hierusalem,

191 4421 214 4471 7.
236 4409 277 4456 Ps.
301 4421 356 4468 142,
378 4421 401 4456 2.
421 4433 455 4444 »-
475 4418 516 4469 25.
539 4409 600 4455 Mat.
625 4419 662 4470 19,
684 4406 727 4454 28.
749 4431 783 4442 -ι
805 4419 845 4468 34.
867 4409 928 4454 Luc.
949 4423 972 4470 9,
997 4415 1101 4467 51-53
