3167 5025
313 241 355 305 22

308 428 419 509 ipsam
451 442 583 509 quoque
614 428 922 509 gratiamuiuendo
947 428 1166 504 conculcasse,
1196 430 1230 493 in
1254 430 1397 512 acceptis
1418 428 1515 493 charis-

314 544 438 603 matum
460 536 559 597 'donis
584 534 723 599 sollicita
746 536 873 597 timoris
896 536 1024 599 utimini
1040 538 1342 619 circumspectione,
1366 536 1516 617 quiahaec
1553 599 1554 602 ,

306 642 584 724 ¹etiamreprobis
609 641 684 704 licet
708 642 749 705 ad
773 644 927 728 indicium
959 645 1089 707 cernitis
1113 645 1300 707 communia
1323 664 1400 706 esse.
1551 629 1554 711 l

713 874 1021 939 CAPITVLVM
1044 876 1147 940 VIII,

800 1023 854 1081 De
879 1010 1054 1100 Gedeone.
1114 1032 1118 1039 ’

336 1202 351 1229 ’-
421 1178 560 1241 Gedeon
576 1178 771 1241 israeliticae
797 1179 902 1261 plebis
926 1181 1080 1243 ducatum
1098 1180 1243 1243 Domino
1266 1179 1396 1241 iubente
1411 1195 1516 1254 suscep·

305 1293 419 1373 turus,
452 1306 575 1367 magno
607 1288 695 1368 prius
727 1288 930 1349 reuerentiae
961 1307 1000 1349 ac
1031 1287 1217 1349 deuotionis
1249 1286 1358 1349 studio
1381 1301 1515 1364 supernae

303 1394 506 1463 ‚uisitationis
539 1395 678 1473 gratiam
713 1396 867 1476 suscepit.
899 1405 933 1457 et
964 1403 1053 1455 recte
1081 1396 1152 1476 ipse
1176 1396 1299 1477 primus
1322 1412 1400 1475 prae
1422 1388 1515 1451 ceteris

313 1500 465 1563 diuinitus
488 1500 675 1576 illustratur,
700 1503 790 1565 cuius
814 1503 983 1586 triumpho
1006 1514 1079 1567 tota
1102 1523 1185 1583 gens
1208 1502 1263 1565 illa
1286 1501 1426 1563 diutinae
1441 1494 1513 1557 serui·

304 1610 390 1670 tutis
421 1610 500 1689 iugo
532 1610 699 1691 eripienda
724 1619 803 1671 erat.
827 1610 922 1673 huius
947 1621 1056 1675 autem
1080 1609 1304 1678 illustrationis
1327 1607 1467 1669 ordinem
1485 1610 1552 1679 tea,

311 1725 406 1797 pater
430 1717 624 1790 uenerande,
649 1718 738 1779 cuius
755 1718 875 1786 iudicio
899 1719 1092 1800 opusculum
1115 1717 1180 1781 hoc
1203 1714 1454 1781 examinandum
1473 1718 1513 1773 est,
1555 1741 1557 1768 ;

312 1823 427 1885 crebro
444 1824 625 1885 attendisse
649 1844 716 1893 non
741 1824 884 1904 ambigo
909 1811 984 1887 cum
1008 1834 1101 1887 tanta
1118 1826 1192 1887 Deo
1216 1823 1419 1889 militantium
1441 1816 1510 1877 turba

310 1939 369 1995 tuo
402 1931 526 2003 credita
558 1931 598 1991 sit
631 1932 830 2010 magisterio.
846 1933 924 1993 -nisi
955 1933 1041 1994 enim
1066 1942 1098 1995 et
1122 1941 1157 1995 tu
1182 1953 1257 1995 cum
1282 1930 1437 1995 Gedeone
1458 1932 1509 1985 aute

311 2046 498 2119 susceptam
539 2038 740 2119 principatus
777 2059 888 2101 curam
919 2040 1050 2101 diuinae
1080 2041 1208 2101 uirtutis
1243 2038 1361 2101 solatio
1392 2026 1512 2095 roborari

311 2146 500 2218 meruisses,
536 2165 743 2225 nequaquam
776 2146 811 2207 in·
841 2147 914 2227 ipso
947 2145 1122 2227 spiritualis
1153 2145 1287 2209 militiae
1320 2146 1435 2206 ducatu
1463 2147 1528 2200 tana

310 2253 528 2319 exercitatum
558 2250 689 2313 hostem
719 2252 841 2313 totiens
873 2254 906 2313 in
938 2251 1048 2333 lugam
1081 2254 1243 2315 uertisses.
1283 2251 1418 2335 proinde
1440 2262 1513 2326 quae·

300 2380 450 2439 'cumque
480 2357 538 2427 hic.
556 2360 700 2423 breuiter
723 2368 944 2434 annotauero,
975 2359 1033 2420 tibi
1057 2367 1226 2441 tamquam
1252 2368 1375 2423 certam
1398 2377 1437 2417 ex
1457 2354 1513 2431 ip50

311 2466 571 2532 conuersationis
604 2475 679 2528 tuae
708 2467 823 2528 ordine
852 2467 885 2528 in
909 2465 959 2528 his
989 2465 1125 2528 habenti
1157 2468 1394 2550 experientiam
1421 2474 1513 2523 coram
1555 2514 1557 2519 .

310 2575 463 2638 fratribus
487 2574 609 2636 nostris
634 2575 729 2638 latius
754 2574 953 2656 explicanda
976 2573 1132 2655 relinque.

418 2683 488 2745 Filii
512 2683 612 2750 lsrael
645 2703 718 2745 cum
750 2681 904 2744 fecissent
927 2680 1048 2742 malum
1073 2701 1184 2744 coram
1208 2683 1370 2756 Domino,
1400 2670 1556 2742 tradidital

310 2813 360 2854 eas
384 2792 418 2860 in
441 2813 541 2854 rrmrm
564 2791 707 2853 Madian
730 2800 846 2872 septem
870 2789 982 2860 anitii,
1006 2797 1040 2850 et
1064 2788 1173 2852 afflicti
1197 2801 1274 2854 sunt
1298 2791 1393 2853 ualde
1415 2785 1451 2846 ab
1472 2780 1511 2840 eis-

311 2919 450 2978 cumque
479 2896 638 2960 humiliati
667 2898 866 2960 clamassent
890 2897 932 2958 ad
956 2897 1080 2978 ipsum,
1111 2897 1228 2960 solitae
1252 2900 1324 2961 eius
1346 2888 1509 2960 clementiae

296 3015 527 3088 perceperunt
559 3004 732 3068 auxilium:
765 3005 853 3067 aenit
883 3005 970 3066 enim
1000 3004 1135 3085 angelus
1157 3006 1300 3068 Domini
1325 3015 1356 3068 et
1375 3000 1453 3065 sedit
1471 2988 1504 3056 ab
1555 2995 1557 3061 l

308 3115 432 3194 anrcn,
456 3135 538 3195 qnae
560 3125 631 3176 erat
653 3115 687 3174 in
703 3113 827 3194 lipbra,
849 3123 880 3174 rt
892 3112 1071 3194 pertinebat
1085 3113 1133 3174 ad
1149 3113 1233 3186 Joas
1242 3125 1372 3196 patrem
1380 3101 1505 3192 familiia
1555 3076 1557 3185 l

300 3221 396 3298 Emi.
414 3221 566 3302 angelum
584 3221 636 3284 hic
654 3222 790 3284 audiens
807 3221 868 3282 sub
887 3221 1004 3282 arbore
1021 3221 1219 3295 consedisse,
1235 3222 1425 3284 reminiscor
1436 3213 1528 3276 etiam
1555 3233 1557 3236 ’

308 3327 481 3392 Abraham
506 3329 642 3411 angelos
666 3328 901 3411 hospitalitatis
923 3327 1031 3391 officio
1047 3328 1260 3392 honorandos
1277 3330 1319 3394 ad
1336 3326 1508 3407 requiescen-

308 3438 387 3500 dum
404 3438 464 3499 sub
481 3438 599 3500 arbore
615 3437 779 3510 inuitasse,
803 3437 976 3518 ipsumque
993 3436 1264 3498 conuescentibus
1282 3439 1328 3498 eis
1345 3434 1405 3496 sub
1420 3426 1507 3492 umbra

308 3548 424 3608 eadem
449 3547 599 3608 astitisse.
625 3546 666 3608 de
690 3546 776 3606 iusto
801 3563 933 3624 quoque
958 3545 1204 3626 scriptumest:
1232 3554 1263 3606 et
1283 3544 1346 3606 erit
1366 3546 1506 3617 tamquan

307 3655 440 3736 lignum,
465 3654 551 3736 qnod
572 3651 836 3733 transplantatur
847 3663 945 3731 super
958 3672 1069 3732 aquas,
1092 3649 1180 3731 qnod
1196 3650 1420 3713 admiratorem
1435 3634 1511 3705 mitit
1555 3628 1557 3693 l

307 3762 433 3824 radices
462 3783 556 3833 sicar,
589 3770 619 3822 et
648 3780 710 3820 tran
742 3757 878 3828 timebit,
910 3779 982 3819 cnm
1014 3756 1136 3820 uenerit
1165 3768 1278 3830 nestas,
1309 3757 1396 3820 unde
1419 3747 1534 3832 typicae

306 3870 463 3931 innuitur:
487 3868 697 3948 suscipiendo
720 3865 842 3928 dilecto
858 3866 1121 3946 praeparandum
1140 3865 1173 3926 in
1188 3865 1284 3928 nobis
1301 3856 1512 3926 umbraculum.

307 3979 461 4038 extinctis
497 3975 650 4038 uidelicet
683 3975 804 4036 uirtute
838 3973 1060 4035 continentiae
1090 3972 1261 4035 incentiuis
1292 3973 1448 4034 uitiorum.
1478 3960 1513 4020 ill

307 4086 392 4146 enim
416 4094 450 4146 et
474 4086 545 4167 ipsa
569 4085 663 4163 uirgo
688 4084 864 4164 uirginum,
893 4100 978 4161 quae
1002 4078 1301 4160 incomparablliter
1323 4078 1411 4142 illum
1434 4065 1514 4134 susci·

301 4212 384 4273 pere
408 4193 542 4264 meruit,
567 4191 609 4254 ab
633 4189 753 4270 angelo
777 4189 916 4250 audiuit:
945 4187 1050 4250 uirtus
1072 4187 1229 4249 altissimi
1248 4181 1442 4250 obumbrabit
1460 4170 1513 4238 tibi.

306 4299 474 4362 uideamus
499 4298 618 4360 deinde
643 4297 720 4377 quid
745 4297 854 4378 operis
878 4294 1027 4357 habuerit
1047 4295 1195 4369 Gedeon,
1219 4315 1293 4357 cum
1317 4292 1535 4375 apparentem

413 4451 453 4508 25.
475 4439 549 4488 Conf.
569 4439 626 4504 Jud.
647 4435 670 4498 b,
695 4451 787 4486 1-11.
807 4465 842 4472 —-
862 4447 903 4496 30.
923 4437 973 4500 Jer.
998 4449 1035 4500 17¹
1057 4438 1080 4488 8.
1100 4467 1136 4475 —
1156 4450 1196 4499 34.
1219 4439 1280 4487 Luc.
1304 4448 1325 4485 r.
1346 4445 1387 4498 35,
