3167 5025
279 260 321 337 48

278 454 536 537 contemplando
561 475 611 528 e0,
636 455 725 517 cuius
750 453 983 533 magnitudinis
1007 472 1073 513 non
1097 461 1147 514 est
1163 451 1245 527 finis,
1269 455 1495 536 conquiescere

277 560 429 643 poterat?
454 562 555 625 absit:
580 582 656 625 nam
673 573 887 642 praecurrens
909 560 1053 623 asceredit
1074 560 1108 621 in
1132 560 1277 623 arborem
1300 584 1495 642 sycomorum,

276 679 313 732 ut
334 669 457 731 eederet
470 690 550 740 eum,
572 668 736 732 desectum
753 668 877 731 scilicet
893 667 1048 730 naturalis
1064 674 1210 729 staturae
1226 668 1307 751 ligni
1323 669 1496 753 adimplens

277 776 483 851 celsitudine,
508 784 544 838 ut
567 797 642 838 cum
667 776 822 858 apostolo
846 775 978 857 gloriari
1000 783 1179 837 mereretur
1203 797 1242 839 ac
1266 776 1394 841 dicere:
1423 779 1499 840 milei

277 895 383 947 autem
413 884 495 947 obsit
517 884 673 965 glomere,
705 884 773 945 nisi
801 884 835 945 in
865 904 956 945 cmce
977 883 1115 945 Domine
1138 883 1242 945 ezestri
1266 883 1350 956 Jesu
1379 884 1516 948 Chresti:

384 992 464 1055 Inde
489 994 592 1067 enim,
624 993 656 1055 id
689 1000 739 1054 est
771 1012 831 1073 per
862 1011 991 1054 crucem
1016 992 1177 1053 Dominus
1207 1000 1279 1053 erat
1302 992 1494 1067 transiturus

278 1109 312 1161 et
343 1100 478 1181 gloriosi
511 1101 667 1162 transitus
690 1098 848 1181 exemplo
871 1097 984 1160 fideles
1008 1118 1086 1161 suos
1110 1100 1152 1161 ad
1176 1099 1415 1162 custodiendas
1435 1102 1494 1162 uias

277 1210 376 1270 duras
408 1207 685 1271 corraboraturus.
718 1216 750 1269 et
774 1208 964 1280 notandum,
995 1226 1094 1287 quam
1118 1207 1274 1269 distincta
1298 1216 1332 1268 et
1357 1208 1494 1270 ordinata

277 1314 471 1396 prouehitur
501 1314 662 1395 graduum
695 1315 794 1388 serie,
832 1315 886 1395 qui
918 1314 1102 1375 dominicae
1132 1313 1267 1375 tandem
1300 1318 1493 1397 praesentiae

277 1422 501 1485 sublimandus
533 1431 603 1483 erat
635 1422 857 1503 susceptione⁸¹
887 1421 992 1502 primo
1025 1420 1117 1500 quasi
1140 1421 1293 1500 ignotum
1318 1422 1431 1485 uidere
1452 1425 1516 1486 deu

278 1532 403 1593 siderat
426 1529 615 1604 Dominum,
639 1530 698 1593 sed
723 1530 800 1609 quia
823 1536 968 1591 staturae
992 1529 1136 1609 paruitas
1159 1537 1193 1590 et
1217 1529 1336 1592 turbae
1354 1531 1494 1612 importu-

278 1640 363 1729 nitas
387 1637 481 1700 huius
505 1638 657 1700 desiderii
682 1636 877 1699 differebant
901 1635 1063 1708 effectum,
1086 1635 1172 1697 aliud
1189 1635 1367 1699 confestim
1383 1640 1494 1720 quaerit

278 1745 467 1809 subsidium.
501 1746 595 1820 uiam,
620 1765 685 1825 qua
708 1744 908 1805 transiturus*
925 1752 996 1805 erat
1018 1742 1171 1817 saluator,
1195 1744 1337 1807 sollicite
1362 1747 1493 1814 denotat,

280 1853 432 1917 arborem
466 1854 537 1915 uiae
568 1854 758 1932 contiguam
790 1851 968 1925 scandens,
999 1850 1112 1912 turbas
1142 1852 1174 1912 in
1203 1853 1271 1914 imo
1301 1855 1429 1935 positas
1451 1876 1493 1915 ex·

279 1970 410 2043 uperat;
434 1961 537 2023 libero
562 1968 698 2042 aspectu
723 1959 765 2021 ad
790 1959 1082 2040 paeoccupandam
1106 1960 1266 2021 uenientis
1285 1964 1512 2042 praesentiam

279 2068 502 2157 circumuolat,
526 2066 668 2129 necdum
693 2074 805 2127 tamen
829 2066 870 2127 ad
896 2063 1138 2145 suscipiendum
1154 2086 1239 2141 eum,
1262 2087 1340 2129 cum
1357 2070 1489 2140 uenisset

279 2177 423 2258 aspirare
448 2175 600 2236 audebat.
626 2173 767 2236 obtinuit
790 2192 870 2234 uero
894 2173 981 2253 apud
1005 2172 1121 2252 ipsum,
1145 2174 1201 2253 qui
1224 2174 1428 2238 abundantia
1442 2178 1492 2258 pie·

279 2284 356 2345 tatis
380 2290 413 2345 et
437 2283 554 2343 merita
577 2280 761 2363 supplicum
786 2280 918 2342 excedit
943 2287 975 2340 et
999 2287 1086 2352 uota,
1110 2288 1146 2341 ut
1161 2290 1349 2361 praestaret
1365 2286 1394 2346 ei
1409 2285 1490 2346 etiam

280 2391 370 2470 quod
403 2410 497 2452 orare
527 2409 594 2451 non
625 2395 908 2470 praesumpserat,
940 2394 973 2447 et
1004 2397 1263 2468 praeoccuparet
1293 2411 1371 2453 eum
1395 2393 1491 2475 quise

279 2499 521 2580 concupiuerat.
536 2517 612 2561 nam
630 2518 703 2560 cum
721 2496 858 2578 dignum
874 2517 909 2557 se
926 2495 1083 2556 circuiens
1099 2505 1281 2576 quaereret,
1297 2501 1510 2580 uenissetquem

280 2607 322 2669 ad
346 2605 465 2680 locum,
490 2607 543 2668 ubi
560 2605 612 2668 ille
629 2605 671 2668 ad
688 2606 756 2667 eius
774 2603 968 2666 ascenderat
988 2603 1185 2681 contuitum3
1210 2605 1322 2668 uidete
1338 2606 1489 2690 quomodo

279 2716 368 2796 prior
392 2735 427 2776 se
456 2714 500 2777 illi
530 2715 691 2788 ostendit,
724 2732 823 2793 quam
846 2709 990 2773 hilariter
1013 2711 1098 2771 uiam
1122 2731 1187 2791 qua
1204 2714 1369 2792 tenderet,
1399 2716 1488 2777 locum

280 2843 347 2903 quo
372 2842 504 2884 manere
528 2821 635 2896 uellet,
667 2820 916 2882 demonstrauit.
947 2817 1123 2897 suscipens
1145 2819 1234 2882 uidet
1255 2824 1381 2906 quippe
1404 2821 1485 2885 illum.

280 2941 310 2992 et
331 2929 420 2991 deret
441 2929 490 2992 ad
509 2951 598 2992 eum:
621 2927 785 2990 chcleaee
800 2926 967 3006 festz'nans
981 2924 1138 2996 descende,
1162 2927 1239 3007 quia
1254 2928 1351 2992 hodae
1366 2932 1401 2993 in
1416 2930 1485 2992 dore

280 3049 336 3102 tue
367 3047 486 3118 oportet
515 3059 564 3100 ene
594 3057 729 3099 rezoneee.
754 3033 928 3114 festinans,
960 3032 1072 3112 inquit,
1103 3032 1260 3097 descende.
1293 3039 1499 3101 deuotionena

281 3147 349 3208 eius
373 3153 519 3219 nouerat,
543 3146 598 3225 qui
622 3143 706 3206 hanc
731 3143 760 3205 ei
776 3142 1007 3222 inspirauerat;
1031 3140 1172 3220 ideoque
1189 3144 1279 3222 quod
1297 3155 1374 3208 ante
1391 3143 1482 3208 ineius

283 3262 437 3314 sonuerat
470 3252 586 3327 corde,
618 3272 701 3314 sono
734 3251 825 3312 uocis
849 3249 1003 3310 iteratio
1027 3267 1111 3309 aure.
1149 3249 1275 3312 sciebat
1299 3262 1422 3334 quanta
1442 3248 1487 3311 ala·

281 3361 395 3422 critate
420 3360 571 3422 arborem
596 3359 799 3430 ascenderat,
824 3364 946 3438 quanta
969 3356 1120 3417 desiderii
1145 3357 1303 3420 auiditate
1320 3361 1488 3422 uenientem

281 3467 514 3548 prospiciendo
546 3473 801 3549 expectaverat,
832 3472 987 3544 recteque
1019 3464 1065 3524 sic
1097 3463 1309 3542 acceleranti,
1341 3476 1377 3530 ut
1401 3462 1488 3544 magis

282 3574 451 3654 magisque
475 3573 614 3648 festinet,
639 3575 787 3655 imperat.
813 3591 880 3633 non
903 3571 1058 3632 inuitatus
1081 3571 1204 3646 inuitat,
1228 3573 1330 3637 immo
1350 3574 1514 3636 inuitatuss⁰

282 3681 398 3756 corde,
429 3682 545 3744 inuitat
578 3701 676 3758 uoce;
715 3681 790 3761 quia
814 3679 875 3740 etsi
898 3677 1046 3739 nondum
1070 3677 1217 3740 audierat
1240 3681 1407 3743 inuitantis
1428 3674 1490 3739 allo

282 3790 401 3869 quium,
425 3799 627 3872 cognouerat
651 3788 869 3852 desiderantis
893 3785 1054 3847 affectum.
1078 3804 1116 3845 ac
1139 3786 1166 3845 si
1190 3787 1330 3851 diceret:
1357 3788 1489 3870 quisnam

282 3918 403 3974 essem,
436 3899 655 3962 exterioribus
679 3915 813 3959 cernere
837 3892 993 3974 cupiebas
1016 3889 1134 3963 oculis,
1166 3895 1255 3973 quod
1280 3916 1366 3959 nunc
1389 3890 1489 3956 intuitu

283 4008 557 4088 contemplaberis
590 4006 716 4079 cordiS,
748 4001 919 4065 iucundius
943 4016 1077 4078 quoque
1101 4018 1144 4058 ex
1168 4003 1386 4084 percipiendis
1408 4021 1427 4061 a
1447 4014 1490 4058 me

282 4113 388 4176 disces
411 4114 585 4177 beneficiis.
609 4113 722 4175 uidere
746 4109 883 4173 uolebas
906 4126 966 4188 per
989 4105 1075 4166 uiam·
1099 4108 1324 4184 transiturum,
1347 4103 1516 4186 suscipiesss

274 4217 369 4302 ¹apud
394 4230 427 4282 te
440 4197 649 4285 'familiariter
672 4236 869 4281 mansurum.
901 4212 995 4275 hodie
1025 4213 1111 4276 enim
1135 4214 1169 4275 in
1192 4216 1286 4278 deme
1309 4228 1364 4279 tun
1386 4216 1490 4296 oportet

283 4349 331 4390 ene
360 4349 494 4392 euenere.
525 4331 558 4391 in
589 4329 691 4390 domo
723 4324 855 4406 quidem
880 4329 936 4383 tua
959 4321 1085 4383 mansio
1108 4322 1167 4383 erit
1191 4323 1269 4389 mihi
1292 4321 1436 4394 uisibssis,
1462 4315 1488 4374 in

390 4484 412 4540 5.
434 4472 490 4522 Gal.
510 4469 534 4530 ὁ,
558 4484 597 4535 14.
617 4497 652 4506 -—
672 4478 713 4536 25.
734 4468 795 4516 Luc.
820 4478 858 4535 19,
880 4473 902 4531 5.
