3167 5025
249 240 292 317 98

251 447 334 511 runt,
358 446 390 498 et
415 438 460 498 sic
483 416 623 498 matrem
646 435 870 498 beatissimam
887 435 1167 517 praedicanerunt.
1192 441 1325 514 oportet
1341 431 1487 512 quidem
1579 431 1580 434 ’

251 547 390 626 gratiam
407 543 526 606 referre
543 544 741 627 parentibus
765 562 904 623 quorum
925 541 1046 613 labore,
1070 559 1210 620 quorum
1227 559 1312 611 cura,
1335 555 1489 620 quorum

252 653 430 715 ministerio
461 653 625 714 nascimur
648 661 681 713 et
705 650 879 712 nutrimur:
911 658 1113 710 nontamen
1144 648 1362 729 opinandum,
1397 643 1489 706 filios

251 762 332 824 istos
356 761 398 823 de
421 758 558 821 naturali
575 758 788 839 generatione
806 756 857 818 uel
874 754 1099 838 corporalibus
1115 754 1321 817 nutrimentis
1339 762 1490 816 matrem
1579 767 1580 805 1

252 888 344 930 suam
368 877 542 949 tantopere
567 867 772 949 praedicare,
807 866 908 926 immo
931 865 973 926 de
997 863 1152 945 surgendi
1176 861 1332 944 exemplo
1358 863 1517 944 pariter÷

252 985 285 1037 et
309 975 454 1048 consilio,
478 974 568 1055 quod
593 972 634 1035 ab
658 993 698 1034 ea
718 991 905 1054 percepere.
929 979 1139 1034 surrexerunt
1156 971 1244 1032 enim
1260 991 1279 1031 a
1295 970 1492 1032 deiectione

252 1083 457 1164 originalium
481 1091 515 1144 et
539 1080 714 1143 actualium
745 1087 959 1162 peccatorum
987 1079 1188 1141 surrectione
1218 1078 1364 1150 animae,
1397 1097 1492 1158 quae

253 1199 303 1251 est
335 1191 529 1252 resurrectio
561 1190 682 1271 prima;
713 1188 855 1268 ideoque
887 1187 1132 1249 resurrectionis
1164 1184 1257 1248 huius
1287 1185 1492 1247 adiutricem

255 1307 392 1377 matrem
416 1297 550 1359 beatam
573 1296 853 1378 praedicanerunt.

359 1405 491 1466 Exinde
515 1410 684 1466 crescente
700 1401 863 1484 gradatim
881 1403 1036 1463 uirtutum
1062 1399 1211 1482 prosectu
1236 1401 1278 1462 ad
1295 1398 1361 1462 hoc
1378 1420 1490 1480 usque
1503 1419 1524 1444 ¹⁰

254 1520 510 1593 consurgentes
539 1520 574 1572 ut
599 1511 746 1590 martyrii
770 1527 913 1590 agonem
937 1527 1011 1570 cum
1034 1509 1107 1590 ipsa
1130 1509 1251 1589 pariter
1274 1517 1490 1589 expeterent,

253 1621 411 1682 maiorem
443 1619 552 1680 denuo
584 1618 653 1678 eius
676 1616 913 1678 beatitudinem
938 1615 1215 1678 collaudauerunt.
1247 1615 1391 1678 audeam
1416 1637 1488 1697 per·

253 1727 394 1799 contari,
426 1746 447 1788 o
478 1724 588 1788 felices
620 1725 737 1786 beatae
769 1723 947 1787 Felicitatis
979 1722 1049 1797 filii,
1088 1723 1167 1786 dum
1198 1724 1239 1784 ad
1271 1723 1485 1804 perfectionis

254 1855 364 1896 arcem
388 1833 463 1895 Deo
495 1835 642 1914 erigente
674 1833 888 1912 consurgitiS,
920 1831 997 1912 quid
1030 1831 1196 1914 praeconii
1227 1840 1365 1893 sanctae
1391 1833 1481 1892 matri

255 1942 450 2015 asscribitis,
481 1942 514 2002 in
544 1959 610 2020 quo
634 1939 871 2002 beatitudinem
896 1940 965 2000 eius
988 1936 1205 2019 praedicatis?
1236 1938 1406 2012 uberibus,
1433 1940 1505 1999 inu

254 2051 377 2132 quiunt,
401 2058 536 2111 sanctae
560 2048 730 2110 doctrinae
753 2066 815 2109 nos
839 2046 964 2108 lactans
985 2059 1019 2108 et
1035 2047 1199 2110 enutriens
1216 2046 1257 2109 ad
1274 2046 1371 2108 uirile
1389 2045 1469 2108 robur

254 2157 411 2238 perduxit
445 2140 611 2236 totiusque
635 2153 826 2236 disciplinae
851 2155 1042 2234 magisterio
1065 2151 1259 2216 inforrnauit.
1284 2153 1430 2235 denique
1449 2155 1478 2215 in

254 2263 468 2326 confessionis
492 2263 628 2324 articulo
652 2282 693 2323 ne
718 2261 948 2335 deficeremus,
980 2260 1076 2324 nobis
1100 2260 1190 2323 affuit
1214 2281 1315 2342 seque
1340 2263 1484 2342 priorem
1579 2303 1580 2360 p

254 2371 351 2433 iudici
383 2371 416 2432 in
440 2370 655 2451 responsione
679 2378 712 2430 et
736 2369 948 2430 attestatione
973 2368 1119 2430 ueritatis
1143 2369 1307 2450 opposuit.
1341 2368 1398 2430 ille
1430 2390 1486 2451 per
1579 2367 1580 2438 i

255 2499 328 2542 eam
352 2478 505 2550 maxime,
529 2477 620 2539 cuius
636 2475 771 2539 consilio
797 2475 955 2539 hactenus
979 2477 1176 2549 uixeramus
1200 2477 1242 2539 ad
1259 2478 1513 2559 peruersitatis=⁰

255 2608 332 2648 suae
357 2605 554 2648 consensum
578 2584 701 2647 reflecti
724 2605 785 2646 nos
811 2605 909 2668 posse
934 2586 1135 2658 existimans
1159 2585 1243 2646 dixit
1259 2586 1304 2647 ei:
1329 2585 1488 2647 miserere

255 2694 326 2756 filiis
351 2694 414 2755 tuis
438 2692 608 2755 iuuenibus
639 2692 734 2754 bonis
766 2701 799 2754 et
832 2691 912 2753 flore
936 2693 1060 2773 primae
1084 2694 1260 2753 iuuentutis
1283 2691 1489 2755 florentibus.

254 2801 308 2863 illa
339 2822 400 2883 pro
430 2801 526 2863 nobis
549 2800 737 2881 respondit:
770 2799 993 2861 misericordia
1016 2808 1073 2861 tua
1095 2800 1247 2881 impietas
1271 2808 1339 2873 est,
1373 2810 1408 2863 et
1434 2824 1490 2864 ex·
1579 2838 1580 2854 κ

255 2909 400 2972 hortatio
424 2919 480 2971 tua
504 2908 679 2971 crudelitas
703 2917 762 2970 est.
790 2918 961 2989 postremo
985 2916 1110 2970 tantam
1135 2929 1179 2969 ex
1203 2906 1265 2969 Dei
1290 2928 1429 2970 munere
1457 2918 1490 2971 et
1579 2900 1580 2903 ¹

255 3017 339 3079 illius
363 3016 450 3079 fideli
474 3017 657 3078 eruditione
681 3016 874 3078 tolerantiae
899 3017 1052 3077 uirtutem
1074 3018 1269 3097 accepimus
1293 3026 1329 3077 ut
1346 3032 1515 3099 exsupe-²5

255 3133 327 3185 rato
352 3124 441 3206 prius
464 3124 579 3186 Publio
604 3123 692 3185 urbis
716 3122 900 3206 praelecto,
935 3124 981 3185 ita
1004 3123 1137 3185 demum
1161 3124 1202 3185 ab
1227 3123 1403 3186 Antonino
1428 3146 1490 3207 per

255 3232 364 3294 uarios
395 3231 519 3293 iudices
547 3232 729 3293 transmissi
751 3230 922 3303 fuerimuS,
954 3232 1009 3310 qui
1032 3230 1121 3292 uelut
1146 3229 1316 3293 deficiente
1342 3232 1386 3293 ad
1411 3234 1485 3295 edo·

256 3340 397 3401 mandos
428 3359 489 3401 nos
522 3339 608 3419 regis
640 3340 740 3420 ipsius
772 3338 947 3419 tyrannide
979 3337 1111 3419 singuli¹
1129 3358 1222 3401 suam
1246 3340 1278 3400 in
1301 3339 1401 3402 nobis
1432 3362 1480 3401 ex-

255 3446 437 3527 perirentur
476 3446 711 3508 crudelitatem.
751 3448 869 3508 merito
908 3446 1006 3526 igitur
1045 3454 1183 3507 matrem
1223 3454 1255 3507 et
1291 3448 1474 3527 magistram

255 3553 355 3615 talem
387 3554 609 3615 beatissimam
641 3555 878 3636 praedicamus
910 3571 985 3615 cum
1017 3573 1096 3615 uero
1124 3555 1211 3615 idem
1235 3552 1289 3615 filii
1314 3556 1417 3617 etiam
1439 3573 1509 3616 ses0

256 3662 363 3724 cunda
387 3663 624 3724 resurrectione
648 3662 866 3734 surrexerint,
898 3670 933 3721 ut
957 3662 988 3722 in
1013 3670 1100 3723 terra
1126 3680 1185 3723 sua
1208 3660 1352 3741 duplicia
1383 3664 1484 3744 possi-

256 3771 356 3831 deant
391 3769 571 3830 animarum
612 3768 735 3831 scilicet
768 3777 801 3829 et
833 3788 1010 3849 corporum
1049 3768 1203 3848 gloriam,
1239 3777 1317 3829 tunc
1351 3770 1484 3831 demum

258 3878 397 3940 eandem
423 3884 561 3938 matrem
586 3875 860 3939 excellentissime
885 3874 1129 3958 praedicabunt,
1154 3875 1303 3937 uidentes
1327 3896 1400 3937 sese
1420 3877 1485 3937 iam

255 3984 535 4066 incorruptibiles
564 4000 649 4064 quos
672 3983 725 4045 illa
748 3991 907 4063 genuerat
932 3983 1095 4043 mortales
1126 3991 1203 4043 tunc
1227 4002 1303 4043 uere
1328 3984 1485 4064 adimple·

255 4093 350 4165 bitur,
374 4092 465 4172 quod
487 4091 620 4154 alterius
643 4090 865 4153 translationis
889 4088 998 4151 uerbis
1022 4088 1232 4169 promittitur,
1256 4089 1310 4150 ubi
1326 4091 1485 4171 scriptum
1495 4110 1522 4145 35

256 4208 322 4261 est:
356 4207 568 4261 surrexerunt
591 4196 646 4259 filii
670 4199 738 4258 eius
762 4207 795 4258 et
819 4198 914 4257 ditati
937 4205 1027 4266 sunt,
1058 4195 1091 4257 id
1115 4205 1165 4257 est
1189 4205 1325 4276 surgent
1349 4205 1382 4257 et
1406 4198 1486 4259 dita-

255 4308 384 4369 buntur.
408 4315 442 4367 et
465 4308 551 4367 iusta
573 4304 670 4386 plane
695 4304 918 4365 commutatio.
943 4301 995 4363 hic
1020 4303 1105 4363 enim
1128 4304 1161 4364 in
1185 4312 1380 4385 paupertate
1397 4305 1485 4367 uixe-

256 4423 328 4480 rant
352 4414 496 4480 maxime
521 4410 583 4485 illa,
608 4430 707 4496 quam
724 4410 886 4477 Dominus
909 4410 1050 4477 insinuat
1074 4411 1200 4478 dicens:
1225 4410 1310 4476 beati
1324 4422 1486 4497 parrperes
1577 4424 1578 4427 ’
