3167 5025
542 597 548 613 Χ
640 529 959 631 ,ςΑΡιΤνινΜ
987 526 1110 591 vnn.
1186 541 1189 546 ·

546 676 641 735 Laus
658 692 684 740 a
708 682 811 750 gustu
836 673 1026 736 dulcedinis
1050 674 1217 736 internae.

358 834 543 906 'Gustauit
564 843 595 896 et
616 833 708 906 uidit,
731 833 809 916 quia
832 833 913 896 bona
927 845 983 898 ,est
1005 833 1175 915 negotiatio
1197 833 1286 906 etits;
1311 853 1385 895 nou·
1399 834 1502 896 extm-
1549 815 1550 824 ἦ

266 954 384 1026 guttur
406 943 441 1005 in
465 951 551 1004 nocte
573 941 705 1006 lucerna
726 941 805 1004 eriis.
826 940 1021 1006 fortissimae
1045 941 1187 1004 mulieris
1203 940 1504 1022 huius-negotiatio

270 1060 306 1114 et
321 1048 495 1133 multiplex
511 1058 544 1111 et
560 1049 649 1112 bona
665 1057 724 1111 est.
747 1049 930 1129 negotiatio
947 1049 1016 1112 eius
1038 1050 1071 1112 in
1091 1048 1292 1112 abundantia
1307 1048 1505 1130 spoliorum,
1525 1069 1533 1102 ε

263 1153 391 1241 'quibus
420 1177 489 1220 non
519 1157 696 1239 indigebit,
726 1158 758 1219 in
790 1157 1005 1238 acquisitione
1036 1156 1088 1218 uel
1120 1157 1325 1238 operatione.
1342 1155 1440 1218 lanae
1467 1177 1504 1218 ac

271 1266 347 1341 lini,
376 1266 409 1328 in
432 1286 474 1328 eo
497 1265 588 1346 quod
612 1263 698 1327 sacta
721 1272 772 1328 est
796 1265 889 1346 quasi
913 1265 1005 1326 nauis
1028 1263 1204 1339 institoris,
1231 1265 1263 1328 in
1287 1265 1505 1346 coemptione

272 1374 342 1454 agri
365 1381 399 1435 et
423 1373 626 1454 plantatione
650 1372 783 1446 uineae,
813 1372 846 1434 in
869 1371 1027 1445 sindone,
1058 1391 1156 1452 quem
1180 1371 1346 1446 uendidit,
1373 1380 1409 1434 et
1441 1373 1504 1433 cin·

272 1480 368 1562 gulo,
398 1479 491 1561 quod
513 1478 713 1542 Chananaeo¹
744 1478 896 1553 tradidit,
925 1479 957 1540 in
980 1477 1118 1553 diuitiis,
1143 1478 1260 1559 quibus
1284 1499 1505 1562 supergressa

272 1588 390 1651 dicitur
413 1586 503 1663 filias,
527 1595 560 1650 et
584 1588 616 1649 in
640 1585 928 1660 aliis‘huiusmodi,
962 1606 1046 1666 quae
1070 1585 1210 1668 diligens
1232 1586 1385 1650 lectionis
1410 1586 1532 1651 huius10

273 1702 499 1777 perscrutator
513 1711 648 1756 morosa
669 1694 877 1775 inquisitione
902 1693 1051 1758 subtilius
1074 1701 1274 1775 assequetur.
1298 1695 1330 1756 in
1348 1693 1403 1756 his
1419 1696 1500 1758 enim

274 1803 425 1867 omnibus
441 1804 587 1885 gustauit
602 1810 636 1865 et
651 1802 742 1877 uidit,
766 1801 843 1882 quia
858 1800 947 1864 bona
963 1810 1014 1864 est
1034 1801 1217 1882 negotiatio
1241 1803 1317 1877 eius,
1345 1802 1496 1883 quoniam

273 1910 422 1992 palatum
445 1931 561 1973 sanum
574 1909 707 1985 babuit,
731 1929 798 1991 quo
822 1918 955 1992 gustare
979 1917 1093 1992 posset
1117 1907 1189 1972 hoc.
1214 1929 1281 1972 non
1305 1918 1422 1972 autem
1438 1930 1511 1972 om·

183 2024 188 2035 ¹
276 2017 373 2082 nibus
397 2018 559 2099 contingit
581 2016 703 2080 habere
726 2014 808 2091 hoc,
832 2015 975 2098 alioquin
998 2035 1065 2078 non
1088 2017 1181 2097 quasi
1204 2016 1246 2078 ad
1270 2035 1340 2078 rem
1367 2017 1484 2080 arduam

269 2133 307 2187 et
331 2124 529 2206 quibusdam
553 2123 808 2186 inaccessibilem
838 2121 1008 2205 psalmista
1031 2143 1092 2186 nos
1116 2122 1349 2186 exhortaretur
1374 2125 1512 2188 dicenszu

268 2240 406 2313 gustate,
429 2241 460 2294 et
481 2230 591 2303 uidete,
623 2230 774 2312 quom'am
797 2230 911 2292 suauis
932 2241 980 2292 est
1001 2230 1169 2294 Dominus.
1200 2231 1277 2311 quid
1302 2231 1393 2292 enim
1420 2230 1496 2295 aliud
1572 2211 1573 2220 ἦ

273 2339 372 2402 etiam
389 2337 483 2402 fortis
506 2337 589 2401 haec
612 2337 727 2400 mulier
750 2338 905 2418 gustauit,
928 2339 988 2400 nisi
1012 2339 1101 2418 quod
1125 2339 1238 2402 suauis
1260 2348 1307 2400 est
1320 2338 1498 2402 Domimtsl

269 2445 434 2529 gestauit,
470 2445 591 2527 inquit,
629 2454 660 2506 et
690 2443 789 2517 uidit,
828 2444 904 2526 quia
936 2445 1016 2508 bona
1039 2455 1086 2508 est
1108 2445 1277 2529 negotiatio
1298 2446 1409 2508 eriis:
1431 2447 1498 2529 quid

275 2554 447 2617 suauitatis
470 2554 503 2619 in
525 2554 598 2635 ipsa
620 2554 847 2635 negotiatione
871 2555 1024 2635 gustauit,
1055 2554 1115 2617 nisi
1139 2554 1254 2636 ipsum,
1278 2554 1333 2634 qui
1358 2558 1498 2619 suauitas

249 2658 574 2724 'est-suauitatum?
615 2662 686 2743 ipse
717 2661 952 2742 negotiationis
983 2682 1082 2725 causa
1121 2670 1153 2723 et
1185 2662 1328 2727 suauitas
1361 2672 1397 2725 et
1428 2662 1526 2727 finis20

273 2771 358 2832 sicut
389 2769 475 2830 enim
506 2767 578 2830 finis
609 2767 692 2849 legis
716 2767 865 2831 Christus
897 2768 938 2830 ad
972 2770 1126 2831 iustitiam
1150 2770 1239 2833 omni
1262 2770 1435 2846 credenti,
1465 2773 1503 2833 ita

275 2878 362 2941 idem
386 2877 457 2959 ipse
473 2873 553 2937 finis
577 2876 778 2957 operationis
803 2877 844 2939 ad
869 2876 1162 2939 beatitudinemet
1186 2878 1386 2941 suauitatem
1419 2879 1504 2943 omni

274 2984 501 3049 benelacienti.
517 2982 660 3065 ¹fugiunt
683 2982 833 3048 homines
858 2982 1004 3047 laborem
1036 2986 1128 3066 quasi
1160 3005 1321 3059 amarum,
1352 3005 1424 3047 non
1456 2985 1505 3049 ha·

274 3094 391 3157 bentes
414 3089 569 3174 palatum,
594 3111 660 3173 quo
684 3111 819 3153 suauem
843 3092 875 3153 in
898 3090 1011 3155 labore
1029 3093 1206 3173 degustent
1222 3092 1413 3168 Dominum,
1439 3096 1503 3157 sine

274 3221 341 3283 quo
372 3199 466 3262 labor
497 3219 573 3261 uere
607 3199 745 3261 sentitur
776 3218 914 3261 amarus
947 3201 1067 3263 etenim
1098 3200 1158 3262 nisi
1182 3200 1343 3263 Dominus
1377 3202 1502 3265 dederit
1510 3218 1526 3253 ²⁵

274 3308 481 3381 suauitatem,
503 3314 591 3369 terra
612 3316 727 3370 nostra
750 3326 816 3370 non
841 3306 933 3370 dabit
957 3306 1095 3371 fructum
1112 3328 1214 3371 suum.
1239 3308 1294 3388 qui
1310 3328 1392 3372 uero
1410 3309 1498 3375 aliam

275 3425 406 3499 praeter
441 3413 620 3477 Dominum
655 3416 687 3477 in
721 3414 834 3477 labore
870 3434 1003 3477 causam
1038 3415 1227 3491 habuerint,
1267 3416 1344 3478 lucri
1382 3418 1495 3480 scilicet

275 3521 466 3604 temporalis
482 3521 535 3583 uel
550 3520 712 3584 humanae
729 3521 843 3596 laudis,
863 3527 1013 3603 optatam
1030 3523 1162 3605 quidem
1180 3543 1258 3585 suae
1274 3507 1496 3587 delectationis

275 3630 472 3695 suauitatem
496 3629 627 3693 interim
642 3637 868 3711 praegustant,
892 3650 953 3711 pro
969 3651 1035 3710 qua
1050 3630 1270 3693 ineuitabilem
1288 3632 1504 3711 postmodum

277 3737 443 3801 uindictae
467 3736 717 3799 amaritudinem
741 3737 891 3799 sentient.

383 3844 536 3907 Gustauit
570 3863 651 3924 ergo
686 3842 786 3907 beata
817 3843 969 3907 Felicitas
1004 3851 1037 3905 et
1073 3844 1163 3918 uidit,
1197 3844 1230 3909 id
1265 3853 1315 3905 est
1350 3854 1506 3925 gustatae

275 3951 445 4014 suauitatis
462 3950 691 4032 experimento
715 3972 791 4013 uere
816 3951 938 4025 didicit,
961 3951 1040 4032 quio
1063 3950 1143 4012 bona
1166 3962 1214 4015 est
1235 3951 1407 4033 negotiatio
1431 3953 1507 4014 etim.

267 4067 310 4119 et
333 4056 415 4121 haec
439 4060 469 4121 ei
493 4079 618 4121 merces
641 4080 703 4141 pro
727 4060 952 4140 negotiatione
976 4058 1073 4133 bona,
1097 4060 1187 4139 quod
1207 4079 1281 4123 non
1291 4060 1509 4141 extinguetur
1528 4087 1530 4092 ·

276 4167 308 4227 in
331 4175 429 4228 nocte
453 4165 585 4230 lucerna
608 4166 686 4230 eius.
709 4168 748 4232 in
766 4187 866 4249 supra
889 4166 978 4229 dicta
1001 4174 1098 4228 nocte
1122 4165 1340 4231 tribulationis
1363 4186 1431 4229 non
1457 4178 1508 4231 est

277 4274 425 4337 extincta
455 4272 588 4337 lucerna
619 4275 703 4350 eius,
742 4273 796 4335 illa
827 4273 994 4349 uidelicet,
1030 4274 1119 4339 cuius
1151 4275 1271 4339 ducatu
1303 4294 1376 4339 sese
1408 4275 1508 4359 dirigi
1517 4300 1535 4338 s
1572 4358 1574 4375 1

387 4412 426 4470 16.
446 4417 486 4467 Ps.
507 4429 549 4485 33,
569 4435 593 4489 9.
