3167 5025
266 238 329 300 114
358 250 361 254 *

263 419 371 500 primo
395 418 493 480 etiam
517 416 578 480 hos
602 428 734 480 sanctos
758 426 922 499 martyres
945 418 1075 480 leonina
1098 417 1225 480 feritate
1249 419 1392 490 inuasit,
1431 434 1505 476 cum

264 526 431 587 concitato
455 546 514 606 per
536 523 709 606 pontifices
733 525 931 607 templorum
954 526 1112 588 seditioso
1136 524 1291 600 tumultu,
1321 522 1428 585 uelut
1454 522 1507 582 irn-

264 633 351 694 mani
374 630 517 706 fremitu,
542 632 644 693 corda
667 652 781 694 eorum
805 653 824 694 a
847 631 965 696 fiducia
988 653 1086 714 quam
1110 633 1143 693 in
1167 630 1298 694 Christo
1321 629 1504 692 habebant

264 740 429 802 deterrere
461 741 644 822 temptauit.
684 749 719 802 at
749 740 805 802 ubi
836 761 877 802 ne
909 740 949 802 ad
982 740 1148 802 modicum
1179 740 1313 820 quidem
1342 737 1415 800 tali
1453 757 1504 798 eos

263 849 388 930 impetu
412 846 624 930 perturbatos
648 847 738 922 uidit,
761 847 964 910 dissimulata
987 869 1068 910 mox
1092 849 1267 928 tyrannide
1283 867 1390 929 quam
1411 865 1533 908 exer-s

264 976 338 1019 cere
370 964 542 1036 coeperat,
573 955 764 1037 serpentino
796 975 887 1018 more
919 956 960 1018 ad
992 955 1180 1018 insidiarum
1212 953 1358 1017 latebras
1394 954 1510 1015 rediit.

264 1083 341 1129 nam
357 1062 464 1124 Euam
480 1081 573 1123 suarn
590 1081 663 1126 sese
680 1071 884 1144 reperturum
908 1083 947 1124 ac
971 1062 1180 1124 seducturum
1205 1063 1420 1136 existimanS,
1448 1082 1511 1142 per

264 1169 413 1233 Publium
444 1169 533 1232 urbis
563 1167 764 1251 praefectum
796 1170 928 1232 beatam
952 1168 1155 1232 Felicitatem
1186 1171 1339 1253 priuatim
1376 1170 1510 1232 adduci

264 1279 366 1351 iussit,
389 1286 423 1338 et
446 1275 569 1339 blando
592 1274 758 1357 colloquio
781 1277 824 1338 ad
848 1275 1040 1340 sacrificium
1057 1297 1129 1338 eam
1146 1297 1343 1359 prouocanS,
1370 1277 1509 1339 eisdem

265 1405 371 1467 paene
401 1383 510 1446 uerbis
533 1405 610 1446 usus
634 1392 700 1458 est,
732 1383 849 1465 quibus
873 1392 906 1446 et
930 1383 1007 1448 olim
1031 1404 1105 1446 curn
1129 1385 1268 1446 diceret:
1300 1384 1335 1445 in
1362 1405 1508 1465 quocun·
1521 1403 1543 1427 ¹0

265 1514 324 1574 que
346 1491 398 1553 die
421 1492 696 1555 manducaueritis
719 1513 764 1554 ex
787 1491 887 1573 lign0,
911 1492 1095 1574 apen'entur
1115 1491 1202 1554 oculi
1220 1492 1338 1554 uestri:
1363 1501 1397 1553 et
1410 1491 1509 1553 en'ttssr

264 1600 349 1662 sr'cut
369 1599 426 1670 dii,
448 1599 579 1660 serentes
602 1598 715 1662 bonum
738 1609 769 1660 et
790 1597 922 1660 malum.
947 1598 1142 1660 aestimabat
1166 1619 1253 1672 uer0,
1277 1599 1358 1678 quia
1383 1600 1412 1661 si
1437 1620 1505 1660 ma-

266 1718 349 1771 trem
374 1706 521 1789 qualibet
544 1716 614 1769 arte
631 1727 651 1768 a
668 1705 740 1768 tiliis
763 1715 940 1787 separaret,
964 1705 1036 1769 illos
1053 1707 1116 1768 iam
1141 1707 1319 1768 destitutos
1343 1704 1500 1768 facillime

266 1823 444 1898 superaret.
477 1813 535 1875 sed
567 1834 608 1875 ne
640 1813 687 1874 sic
717 1812 850 1892 quidem
882 1811 1056 1894 proficiens
1081 1812 1181 1894 paulo
1204 1821 1280 1874 ante
1305 1813 1492 1895 depositam

266 1923 369 1986 leonis
400 1919 605 1982 ferocitatem
637 1919 828 2000 resumpsit,
863 1919 1023 2000 itemque,
1059 1927 1094 1982 ut
1125 1918 1275 2002 populari
1311 1919 1519 2002 frequentiae

267 2030 555 2110 obstupescerent,
587 2026 709 2108 pariter
732 2026 796 2087 iam
821 2035 959 2088 matrem
983 2047 1058 2088 cum
1082 2025 1153 2088 filiis
1184 2028 1215 2088 in
1246 2025 1356 2089 forum
1381 2027 1478 2090 lllartis
1578 2046 1579 2078 t

267 2138 309 2199 ad
325 2134 562 2197 discussionem
585 2133 699 2194 iudicis
715 2133 833 2194 deduci
857 2132 941 2195 fecit.
965 2132 1017 2195 hic
1033 2133 1098 2196 iarn
1114 2153 1174 2215 per
1189 2133 1339 2214 singulos
1360 2133 1485 2196 fratrum

266 2243 320 2306 illa
350 2241 480 2304 biformi
511 2242 672 2323 serpentis
703 2239 754 2301 uel
786 2238 890 2302 leonis
922 2242 1031 2321 specie
1063 2241 1203 2304 uicissim
1235 2242 1354 2316 utitur,
1398 2241 1492 2304 modo

266 2350 455 2412 seductoria
478 2347 646 2410 insibilans
669 2347 895 2410 blandimenta
911 2347 1012 2409 modo
1029 2356 1138 2409 autem
1151 2346 1316 2410 ‘terribiles
1334 2350 1495 2430 irrugiens

254 2459 379 2520 minas.
404 2475 543 2536 cumque
560 2476 595 2518 se
612 2455 644 2517 in
661 2455 809 2517 ministro
831 2475 891 2517 suo
905 2454 1021 2517 Publio
1036 2475 1095 2537 per
1110 2453 1363 2539 inseparabilem
1382 2477 1523 2521 eorurn2⁰
1579 2504 1580 2555 ,

266 2564 513 2627 unanimitatem
531 2572 564 2625 et
580 2583 735 2641 magnam
759 2562 1010 2644 responsionum
1035 2564 1264 2626 auctoritatem
1289 2562 1496 2627 confutatum
1579 2556 1580 2629 l

266 2672 491 2745 erubesceret,
522 2672 629 2752 ipsum
661 2690 774 2750 regern
798 2670 1005 2733 Antoninum
1030 2668 1085 2732 tali
1109 2668 1244 2740 artificio
1268 2670 1394 2734 fraudis
1419 2694 1498 2735 suae
1579 2670 1580 2709 ³

266 2780 430 2852 instruxit,
454 2787 490 2840 ut
513 2777 660 2839 localiter
683 2786 855 2859 separatos
880 2778 975 2839 uariis
999 2777 1158 2839 iudicibus
1182 2779 1368 2859 puniendos
1396 2789 1499 2843 trans-

266 2888 418 2948 mitteret.
459 2884 656 2946 aestimabat
691 2884 777 2945 enim
813 2903 871 2945 eos
906 2883 1066 2947 fraternae
1101 2886 1246 2947 caritatis
1280 2889 1499 2949 concordiam

266 2995 454 3057 deserturos
487 3003 520 3055 et
547 2992 589 3054 ab
613 2993 802 3073 integritate
823 2982 901 3053 lidei
925 2990 1048 3053 facilius
1072 2992 1288 3067 discessuros
1321 2995 1348 3055 si
1373 3004 1410 3056 et
1434 3012 1528 3057 ma·²⁵

267 3111 360 3163 terna
392 3100 618 3163 consolatione
651 3110 685 3163 et
717 3110 829 3161 mutua
863 3098 1108 3174 adhortatione,
1144 3121 1209 3181 qua
1243 3121 1315 3161 sese
1353 3103 1500 3164 uicissim

266 3208 452 3271 confortare
469 3206 630 3282 solebant,
647 3208 799 3269 disiuncti
816 3207 1049 3270 fraudarentur.
1074 3208 1184 3269 diuina
1200 3228 1278 3270 uero
1296 3210 1499 3290 prouidente

267 3315 440 3377 clementia
463 3316 585 3377 sanctis
606 3313 805 3395 martyribus
822 3324 1036 3397 praeparatur
1052 3316 1093 3378 ad
1111 3314 1256 3396 gloriam,
1281 3317 1373 3396 quod
1393 3316 1494 3379 hostis

267 3421 402 3483 callidus
421 3423 631 3502 'praestruere
656 3430 795 3483 conatus
819 3431 869 3483 est
894 3422 935 3484 ad
961 3422 1181 3503 ignominiam.
1214 3442 1290 3483 narn
1315 3431 1413 3485 tanto
1439 3424 1489 3485 cla·

267 3529 332 3589 rior
363 3548 475 3589 eorum
508 3530 609 3591 uirtus
642 3530 788 3603 emicuit,
820 3538 945 3609 quanto
977 3529 1086 3610 plures
1110 3538 1326 3609 tyrannorum
1351 3531 1491 3615 impetus
1500 3559 1523 3595 ³0

268 3632 440 3695 tolerando
464 3637 647 3717 superauit,
683 3637 852 3716 maiusque
876 3636 1056 3718 praemium
1080 3635 1290 3699 fraternitatis
1315 3641 1496 3701 concordia

269 3741 392 3815 meruit,
416 3762 500 3821 quae
523 3744 683 3824 separatis
707 3764 840 3823 quoque
864 3744 1057 3826 corporibus
1081 3744 1197 3805 eadem
1222 3748 1448 3826 perseuerauit
1464 3748 1495 3807 in

268 3847 429 3910 cordibus.
465 3850 550 3911 unde
586 3850 820 3912 conuenienter
854 3851 886 3913 in
922 3870 1035 3912 eorum
1070 3852 1387 3919 commemoratione
1417 3852 1494 3914 illud

268 3953 481 4038 propheticae
520 3957 730 4019 exultationis
765 3958 976 4038 praeconium
1012 3958 1188 4040 repetimus
1227 3957 1391 4021 dicentes:
1430 3981 1497 4021 ecce

268 4083 365 4142 quam
395 4062 509 4125 bonum
532 4074 563 4126 et
587 4083 686 4145 quam
710 4064 884 4125 z'ucundum
909 4063 1055 4125 habitare
1069 4046 1200 4144 fratres*
1219 4064 1254 4125 in
1278 4086 1387 4129 unum.
1419 4068 1528 4147 quiass

269 4170 354 4229 enim
385 4170 418 4231 in
449 4172 614 4253 praesenti
646 4191 708 4232 nec
737 4171 969 4236 blandimentis
1000 4190 1061 4245 nec
1093 4173 1264 4233 tormentis
1295 4173 1338 4235 ab
1371 4174 1495 4237 unitate

269 4274 344 4337 fidei
375 4276 469 4338 auelli
500 4286 694 4359 potuerunt,
725 4298 811 4339 nunc
844 4298 920 4339 uere
945 4278 1038 4339 unius
1062 4280 1313 4361 participatione
1337 4281 1495 4361 gaudent,
1572 4297 1578 4336 :

377 4430 415 4466 12.
436 4419 500 4467 Gen.
521 4430 545 4480 3,
567 4429 590 4482 5.
610 4447 645 4453 -
664 4429 706 4482 35.
726 4420 767 4467 Ps.
791 4430 848 4480 132,
872 4431 893 4467 1.
