3167 5025
279 240 340 312 106

274 447 441 530 praeconii
464 465 578 508 eorum
601 437 801 508 affluentiam
824 445 993 525 tamquam
1018 434 1158 508 fluminis
1181 435 1340 524 impetum
1371 431 1434 519 qui
1455 429 1509 497 lac·
1572 465 1573 502 ι

273 554 376 617 tificat
400 555 566 617 ciuitatem
590 554 653 616 Dei
676 573 893 616 cerneremus.
1572 573 1573 612 l

380 662 477 726 Nunc
509 681 591 742 ergo
623 662 700 741 quia
730 681 798 722 nou
832 681 875 722 ex
907 660 1003 724 nobis
1036 660 1095 722 sed
1128 679 1172 722 ex
1200 659 1274 721 Deo
1307 653 1505 718 sufficientia
1572 663 1573 720 l

273 780 388 832 nostra
411 777 471 844 est,
494 768 526 830 in
550 777 709 848 quantum
732 769 807 850 ipso
830 767 990 849 largiente
1012 786 1202 848 possumuS,
1226 765 1268 828 ad
1293 762 1507 826 suscitandos
1572 791 1573 794 κ

273 879 305 939 iu
329 877 425 940 nobis
448 875 639 939 caelestium
666 876 904 939 desideriorum
929 875 1066 938 affectus
1090 874 1252 956 quaedam
1282 871 1417 932 amoris
1444 868 1533 928 inci-s

273 992 421 1046 tamenta
451 994 520 1047 tam
544 1005 564 1046 a
587 993 692 1046 matre
723 1003 823 1064 quam
847 1004 866 1046 a
890 982 961 1046 filiis
986 1001 1198 1044 assumamus.
1230 980 1407 1060 erigamus
1441 975 1513 1036 fidei

273 1091 403 1170 oculos;
435 1091 518 1155 fides
541 1093 627 1153 enim
651 1101 719 1154 tam
743 1091 922 1173 praeterita
945 1100 1013 1152 tam
1037 1089 1144 1152 futura
1167 1087 1428 1169 complectitur;
1460 1082 1513 1142 eri·

272 1218 408 1280 gamus,
437 1200 588 1280 inquam,
612 1200 681 1260 eius
705 1200 809 1261 aciem
833 1199 875 1262 ad
900 1197 1158 1279 contemplanda
1181 1203 1295 1272 tantae
1319 1191 1512 1255 sanctitatis

273 1307 422 1386 uestigia,
446 1306 694 1369 considerantes
717 1306 860 1366 indutias
884 1304 962 1379 illas,
987 1303 1105 1386 quibus
1129 1302 1227 1365 beata
1247 1301 1413 1364 Felicitas
1437 1304 1511 1380 post

272 1413 383 1475 felices
407 1411 546 1474 filiorum
570 1432 703 1474 suorum
727 1409 911 1494 triumphos
929 1412 962 1472 in
978 1410 1072 1473 huius
1088 1409 1369 1492 peregrinationis
1387 1423 1539 1468 aerum-¹⁰

273 1522 322 1582 nis
346 1521 483 1582 detenta
506 1529 565 1582 est.
589 1539 665 1581 nam
690 1518 888 1600 aliquamdiu
909 1519 1091 1600 superuixit
1114 1518 1146 1579 in
1171 1514 1309 1578 uinculis
1334 1523 1454 1576 tamen
1476 1520 1509 1572 ut
1570 1537 1571 1540 ¹

274 1628 438 1690 aestimari
461 1636 574 1708 potest
598 1628 687 1688 etin
711 1647 852 1702 carcere,
876 1627 952 1707 quia
975 1626 1072 1689 iudici
1096 1645 1170 1687 cum
1194 1623 1266 1686 filiis
1291 1629 1507 1704 praesentata

272 1756 339 1797 non
371 1734 491 1816 legitur
514 1735 671 1817 deinceps
702 1732 862 1796 absoluta.
894 1743 1025 1816 tempus
1053 1753 1148 1806 uer0,
1179 1731 1270 1812 quod
1302 1732 1396 1792 inter
1426 1728 1503 1790 hanc

273 1842 412 1904 filiorum
436 1850 470 1903 et
494 1843 563 1905 eius
587 1841 842 1918 sollemnitatem
865 1841 1095 1922 interpositum
1119 1849 1185 1913 est,
1216 1838 1418 1901 dilationem
1438 1838 1496 1897 eius

272 1951 384 2013 innuit.
409 1970 476 2030 quo
500 1959 651 2032 tempore
674 1950 853 2032 patientiae
877 1950 945 2011 eius
969 1949 1071 2012 uirtus
1095 1949 1201 2028 magis
1222 1947 1401 2028 magisque
1413 1961 1518 2006 exer-1⁵

273 2069 365 2122 cetur
396 2067 430 2120 et
461 2057 603 2138 probata
633 2077 694 2139 per
717 2058 787 2119 dies
811 2056 958 2137 singulos
982 2064 1168 2118 coronatur.
1199 2075 1220 2115 o
1251 2049 1487 2135 impenetrabile

273 2167 373 2228 diuini
397 2164 523 2228 consilii
546 2185 717 2239 arcanum,
749 2164 837 2245 quod
857 2184 933 2226 uere
957 2163 1154 2226 abscondrrti
1174 2161 1315 2224 Domine
1340 2183 1365 2222 a
1390 2157 1492 2241 sopim-
1572 2141 1573 2186 ³

273 2274 356 2336 tt'lrus
378 2283 409 2334 et
425 2273 644 2354 pnodentr'bus,
668 2282 699 2333 et
720 2271 873 2334 reuelosti
887 2271 1063 2354 pannulis!
1085 2270 1161 2333 licet
1185 2269 1271 2331 enim
1286 2269 1371 2350 filii
1393 2265 1500 2330 soeculi
1572 2301 1573 2314 κ

273 2381 370 2444 lirim
388 2380 612 2461 prudentiores
633 2381 701 2441 rr'rrt
713 2378 804 2462 filiis
826 2380 908 2441 lucis
930 2381 965 2442 in
983 2379 1186 2460 generatione
1208 2398 1277 2448 sno,
1302 2378 1384 2458 quis
1401 2386 1500 2438 tamen

274 2509 317 2551 ex
351 2488 502 2551 omnibus
535 2487 596 2549 illis
630 2488 802 2550 aestimare
835 2489 942 2570 potuit
975 2485 1038 2549 hoc
1072 2482 1247 2549 arcanum?
1282 2485 1361 2566 quis
1397 2495 1522 2547 eorumffl

273 2595 401 2658 felicem
425 2596 583 2670 crederet,
607 2596 709 2656 immo
733 2596 805 2674 quis
829 2614 895 2656 non
919 2594 1171 2657 infelicissimam
1195 2594 1359 2657 iudicaret
1377 2594 1500 2655 beatam

274 2702 479 2765 Felicitatem
514 2703 584 2763 uiro
619 2722 658 2763 ac
693 2710 744 2762 tot
778 2700 850 2763 filiis
885 2702 1007 2782 pariter
1038 2701 1207 2775 orbatam,
1245 2699 1443 2781 obprobriis
1471 2716 1501 2757 ac

273 2812 390 2893 poenis
413 2810 612 2892 expositam,
637 2809 760 2870 carceri
783 2809 1014 2889 mancipatam,
1039 2808 1136 2869 morti
1160 2806 1411 2869 adiudicatam?

380 2916 447 2981 Sed
473 2925 507 2977 tu
531 2914 674 2978 Domine
698 2916 753 2995 qui
777 2914 978 2977 abscondisti
1003 2934 1022 2975 a
1046 2914 1265 2996 sapientibuS,
1297 2923 1431 2993 quanta
1454 2929 1502 2995 per
1572 2924 1573 2931 ³

273 3023 359 3088 hanc
390 3024 608 3105 temporalem
640 3021 862 3085 infelicitatem
886 3030 1055 3103 pararetur
1078 3022 1267 3095 beatitud0,
1298 3020 1525 3083 reuelauerast

275 3130 452 3194 auriculam
486 3129 643 3214 paruulae
678 3138 754 3192 tuae
790 3129 985 3201 Felicitatis,
1024 3122 1180 3210 paruulae
1216 3129 1248 3189 in
1287 3128 1397 3189 oculis
1440 3127 1501 3193 suis,

274 3257 415 3319 magnae
445 3239 478 3298 in
509 3239 589 3311 tuis,
620 3234 827 3297 reuelaueras
859 3232 969 3314 utique
1001 3234 1179 3296 auriculam
1212 3234 1322 3296 cordis
1353 3236 1448 3309 eius,
1475 3240 1502 3292 ut

275 3345 401 3407 audiret
426 3364 543 3406 uocem
567 3343 685 3418 laudis,
710 3362 827 3405 uocem
851 3342 1074 3417 iucunditatis
1097 3362 1139 3403 ne
1163 3348 1300 3423 paueret
1325 3340 1370 3403 ab
1398 3342 1496 3404 auditu

275 3452 371 3525 malo
396 3471 415 3512 a
438 3472 520 3514 uoce
545 3450 777 3533 exprobrantis
795 3458 828 3511 et
844 3449 1035 3511 insultantis
1061 3448 1295 3511 consolabatur
1313 3468 1394 3510 eam
1421 3450 1493 3511 diues

275 3566 308 3619 et
332 3557 410 3619 felix
435 3559 651 3632 couscientia,
683 3558 715 3618 in
740 3576 805 3637 qua
829 3556 908 3617 dum
931 3554 1076 3623 tribulari
1101 3556 1280 3628 uideretur,
1310 3555 1524 3636 epulabauno

275 3674 309 3727 et
325 3663 551 3727 delectabatur
567 3666 650 3725 sicut
666 3665 698 3725 in
715 3662 867 3724 omnibus
883 3662 1011 3723 diuitiis
1036 3662 1079 3723 ibi
1097 3660 1371 3723 confabulabatur
1389 3671 1503 3731 tecum,

276 3772 418 3833 Domine
450 3771 557 3845 Deus,
582 3756 626 3831 'et
658 3790 732 3832 cum
763 3768 943 3832 forinsecus
977 3768 1103 3829 audiret
1134 3766 1220 3831 bella
1251 3778 1284 3829 et
1316 3771 1505 3839 seditiones

276 3876 431 3939 audiebat
456 3877 488 3936 in
511 3875 573 3939 hac
597 3877 698 3938 domo
723 3877 799 3956 quia
823 3874 1003 3956 loquereris
1021 3886 1135 3955 pacem
1160 3876 1194 3936 in
1212 3874 1336 3957 plebem
1354 3884 1462 3952 tuam,
1484 3882 1507 3935 ct

275 3995 372 4066 super
384 3993 511 4045 sanctos
526 3992 601 4045 tuos
617 3993 648 4045 et
668 3984 703 4044 in
726 4004 777 4044 eos
800 3983 858 4064 qni
878 3990 1105 4043 conuertuntur
1125 3982 1174 4047 ad
1193 4004 1253 4043 cor.
1278 3982 1321 4044 ibi
1335 3978 1507 4065 'repositas

277 4090 411 4155 uidebat
428 4089 623 4171 multiplices
640 4091 816 4171 patientiae
833 4108 982 4160 coronas,
1002 4085 1046 4147 ibi
1063 4106 1144 4166 quas
1160 4088 1361 4152 sustinuerat
1377 4102 1505 4174 septem
1515 4105 1532 4145 ³⁵

277 4198 415 4262 filiorum
448 4206 588 4272 mortes,
620 4197 665 4258 ibi
697 4217 756 4259 eos
789 4199 844 4279 qui
877 4193 1014 4258 cottidie
1048 4197 1281 4259 accrescebant
1314 4200 1506 4261 meritorum

276 4306 427 4391 honores
459 4306 543 4367 inter
573 4303 656 4366 haec
686 4312 797 4365 tamen
828 4320 947 4383 graues
978 4298 1022 4361 illi
1053 4311 1145 4363 erant
1176 4324 1306 4379 morae,
1339 4306 1463 4386 quibus
1491 4326 1506 4366 a
1570 4378 1571 4389 χ

384 4462 407 4498 2.
428 4450 467 4496 l's.
488 4460 530 4512 45,
553 4459 575 4511 5.
595 4475 631 4483 -
654 4446 692 4494 18.
714 4446 775 4494 Luc.
800 4457 837 4504 10,
860 4457 900 4491 21.
921 4469 955 4477 -
979 4456 1017 4505 19.
1039 4442 1099 4491 Luc.
1124 4443 1161 4504 tf),
1183 4446 1206 4493 8.
1233 4474 1267 4481 —
1293 4458 1335 4507 34.
1358 4448 1399 4495 l's.
1421 4448 1463 4509 84,
1484 4466 1504 4511 9.
