3167 5025
266 263 304 326 14

358 400 368 425 .

261 442 378 505 meleclt
402 465 460 505 rex
481 444 629 517 Gerarae,
652 455 683 506 et
704 444 780 507 tulit
800 466 880 507 eam.
904 447 994 508 uem't
1013 456 1120 508 autem
1135 447 1224 509 Deus
1248 447 1296 508 ad
1308 446 1493 509 Abiim’leclr

257 562 317 631 per
336 552 494 613 sementem
520 562 613 625 noete,
636 564 667 615 et
689 553 738 615 ait
754 554 826 615 illi:
849 575 886 615 en
903 554 1048 617 morieris
1064 564 1197 635 propter
1211 553 1375 616 ezulierem
1391 576 1494 636 quam

260 659 371 731 tulisti]
395 660 490 721 habet
502 661 586 723 emm
603 662 718 734 armen,
743 671 776 724 et
794 670 911 724 cetera.
936 663 1026 742 quod
1044 660 1216 725 Abraham
1232 682 1380 725 sororem
1396 684 1493 725 suam

260 768 345 828 dixit
368 766 483 829 Saram
515 788 582 829 non
614 789 769 844 uxorem,
802 770 913 849 utique
945 769 1021 831 ideo
1052 770 1153 843 dixit,
1184 790 1225 831 ne
1253 791 1289 831 se
1312 771 1423 833 occiso
1447 771 1493 832 ab

261 874 450 955 alienigenis
468 878 599 957 captiua
615 878 848 959 possideretur,
872 887 981 939 certus
1005 878 1048 940 de
1064 877 1148 951 Deo,
1173 878 1263 957 quod
1287 898 1360 940 eam
1376 878 1494 940 uiolari
1525 903 1538 939 s

260 1002 326 1045 non
357 992 534 1064 pateretur.
568 984 698 1047 dixerat
729 984 794 1047 hoc
825 986 924 1047 etiam
956 986 1045 1067 prius
1069 986 1101 1046 in
1125 984 1298 1067 AegyptO,
1330 986 1494 1067 similique

260 1093 434 1155 occasione
466 1092 584 1155 tulerat
615 1093 701 1156 illam
726 1092 861 1157 Pharao.
893 1094 968 1155 sed·
984 1094 1011 1154 ls
1042 1102 1210 1174 tamquam
1241 1094 1426 1156 insensatus
1459 1102 1496 1155 et

260 1192 457 1262 allocutione
475 1200 584 1263 diuina
605 1203 757 1283 indignus
781 1222 849 1264 non
873 1201 982 1264 uerbis
1005 1210 1185 1265 nocturnae
1209 1202 1343 1265 uisionis
1366 1202 1495 1265 instrui·

259 1316 312 1369 tur
343 1307 401 1369 sed
434 1308 623 1371 uerberibus
647 1310 891 1391 constringitur,
924 1311 1008 1372 sicut
1031 1310 1190 1390 scriptum
1213 1318 1280 1372 est:
1302 1309 1499 1392 flagellauit

260 1425 366 1477 aretem
383 1415 543 1477 Dominus
561 1416 764 1478 Pharaonem
782 1416 896 1498 plagis
918 1416 1083 1487 inermium,
1106 1425 1138 1477 et
1157 1416 1288 1484 domum
1311 1417 1379 1478 eius
1395 1428 1493 1498 prop·
1508 1443 1536 1467 10

259 1532 308 1585 ter
330 1522 434 1585 Sami
454 1544 584 1585 uxorem
609 1524 739 1585 fibram.
771 1544 872 1605 porro
896 1521 1102 1599 Abimelech,
1131 1524 1186 1604 qui
1210 1503 1252 1585 ad
1284 1524 1495 1605 suscipienda

261 1632 476 1713 correptionis
505 1631 605 1693 uerba
628 1632 766 1695 idoneus
789 1633 968 1705 inuenitur,
1000 1630 1255 1693 comminatione
1277 1640 1406 1694 tantum
1438 1631 1494 1693 fla-

260 1737 337 1819 gelli
354 1759 374 1800 a
389 1740 636 1821 perpetratione
660 1740 789 1821 peccati
813 1740 1005 1813 deterretur,
1029 1759 1103 1801 cum
1128 1740 1260 1801 dicitur:
1283 1760 1321 1800 en
1345 1740 1495 1801 morieris

255 1856 388 1927 propter
401 1845 565 1909 meelierem
582 1868 679 1927 quam
697 1847 809 1918 tulisti,
832 1846 926 1908 leabet
940 1847 1024 1908 enim
1041 1846 1156 1908 uirum.
1180 1856 1214 1908 et
1230 1867 1329 1928 quam
1346 1867 1493 1929 congrue

259 1974 325 2016 non
350 1952 414 2015 alio
438 1974 537 2034 quam
561 1963 724 2016 nocturno
748 1964 899 2036 tempore
932 1954 1160 2016 comminantis
1185 1954 1248 2016 Dei
1271 1954 1373 2017 uerba
1395 1957 1521 2022 SUSCl·15

259 2061 324 2142 pit,
356 2062 411 2141 qui
442 2062 688 2143 impendentem
720 2061 780 2122 sibi
813 2062 928 2123 mortis
952 2062 1149 2123 sententiam
1173 2063 1280 2125 auditl
1318 2061 1493 2125 Abraham

260 2176 295 2229 ut
332 2166 413 2230 filius
449 2168 529 2230 lucis
564 2170 597 2229 in
631 2169 703 2249 ipsa
737 2167 940 2249 plenitudine
975 2168 1144 2231 meridiani
1180 2168 1315 2250 fulgoris
1347 2172 1496 2251 suscepit

261 2276 368 2337 Deum
376 2296 383 2353 ;
408 2274 497 2337 Loth
521 2275 575 2337 illo
600 2274 731 2338 inferior
754 2296 821 2338 non
845 2274 956 2338 tamen
980 2278 1114 2339 omnino
1138 2278 1245 2340 noctis
1269 2277 1320 2339 uel
1345 2278 1496 2340 tenebra·

259 2404 331 2446 rum
355 2382 486 2445 residua
510 2381 616 2445 adhuc
640 2392 734 2465 parte
758 2384 867 2465 aliqua
883 2385 955 2458 diei,
979 2386 1012 2446 id
1030 2394 1080 2448 est
1097 2404 1244 2466 uespere,
1260 2386 1385 2466 angelis
1400 2406 1496 2467 prae-

260 2492 330 2555 buit
353 2490 548 2573 hospitium;
573 2490 770 2555 Abimelech
795 2492 894 2575 longe
919 2493 960 2556 ab
983 2491 1034 2555 his
1058 2492 1238 2556 disiunctus
1261 2486 1359 2556 nOcte
1384 2514 1492 2555 corre-
1506 2525 1537 2549 ω

260 2599 382 2682 ptionis
407 2620 485 2660 suae
510 2601 628 2661 meruit
652 2599 840 2681 alloquium.
857 2602 947 2683 quod
965 2609 1075 2663 autem
1092 2602 1138 2663 ait
1154 2601 1262 2664 Deus:
1285 2623 1323 2662 en
1338 2599 1493 2672 inarime,

260 2727 326 2768 non
358 2707 401 2768 de
433 2706 640 2788 prouidentia
665 2707 846 2782 descendit,
870 2717 905 2771 ut
928 2709 1098 2790 praedicat
1122 2709 1191 2770 sine
1215 2707 1316 2770 dubio
1340 2705 1496 2782 futurum,

261 2816 320 2877 sed
353 2814 504 2877 terrentis
536 2822 587 2875 est
619 2805 915 2876 commonitorium.
939 2817 1010 2896 ipse
1034 2835 1124 2896 ergo,
1148 2815 1224 2895 quia
1247 2834 1313 2876 non
1337 2814 1497 2895 tetigerat

262 2944 344 2998 eam,
369 2930 523 3004 suscepta
546 2920 710 2984 humiliter
733 2925 938 3006 corripientis
962 2924 1148 2986 inuectione
1164 2924 1222 2984 ait:
1245 2921 1392 2992 Domine,
1416 2941 1498 2984 num

256 3040 382 3112 gentem
413 3029 612 3110 igrioranmm
642 3039 673 3091 et
702 3030 829 3118 iustmn·
852 3030 1047 3114 interficies.l
1081 3030 1116 3092 in
1150 3029 1356 3111 simplicitate
1387 3029 1522 3091 caedite

261 3138 377 3200 mei'et
398 3136 560 3198 inuriditie
585 3157 739 3199 rnenmim
763 3159 908 3200 mmmm
924 3137 997 3219 feci
1017 3137 1083 3199 leoc.

369 3244 571 3319 Notandum,
604 3253 727 3324 quanta
754 3244 862 3307 adhuc
894 3242 989 3306 fuerit
1021 3246 1053 3306 in
1085 3243 1271 3307 hominibus
1305 3244 1377 3305 aeui
1410 3223 1496 3305 illius

262 3351 386 3433 religi0,
412 3372 510 3432 quam
534 3362 625 3414 recta
648 3351 832 3414 honestatis
856 3374 895 3414 ac
918 3353 1059 3415 iustitiae
1083 3352 1277 3426 aestimatio,
1308 3371 1408 3432 quam
1434 3372 1496 3413 nec

261 3460 294 3520 in
327 3480 404 3540 rege
435 3460 622 3521 diuitiarum
654 3468 688 3520 et
719 3460 843 3540 gloriae
875 3458 977 3521 fastus
1008 3461 1116 3542 potuit
1148 3479 1366 3541 corrumpere.
1403 3468 1496 3521 certe

263 3563 530 3649 praecoiChristi
562 3567 741 3648 apostolus
766 3569 867 3629 immo
895 3589 955 3649 per
977 3586 1176 3649 praeconem
1200 3586 1295 3629 suum
1319 3566 1389 3648 ipse
1406 3566 1495 3629 Chri·
1504 3594 1525 3630 ³0

263 3683 342 3748 stus
359 3673 545 3736 terribiliter
561 3675 688 3736 intonat
705 3674 834 3736 dicens:
859 3675 1055 3756 quicumque
1067 3673 1219 3755 templum
1235 3673 1301 3734 Dei
1315 3673 1498 3745 rezolauen't,

264 3781 427 3862 disperdet
454 3781 547 3843 illum
571 3781 668 3843 Deus.
700 3783 857 3862 numquid
890 3783 998 3844 mitior
1028 3784 1091 3842 ista
1122 3791 1173 3843 est
1197 3781 1413 3843 comminatio
1438 3781 1499 3856 his,

265 3910 349 3971 quae
381 3909 441 3951 rex
473 3889 526 3951 ille
558 3891 681 3952 audiuit
714 3891 745 3952 in
777 3888 926 3952 somnio?
960 3899 1176 3951 ueruntamen
1207 3889 1279 3969 quis
1310 3907 1397 3950 nunc
1429 3897 1499 3950 tam

265 3997 431 4060 horrendo
448 3999 624 4060 suscitatus
648 3998 759 4060 auditu
785 3997 831 4059 ita
854 3997 1056 4078 expauescit,
1080 3997 1126 4057 sic
1149 4016 1184 4057 se
1201 4017 1220 4057 a
1236 4006 1372 4077 torpore
1393 3996 1500 4057 noxio

267 4105 410 4178 excutit,
436 4113 471 4164 ut
494 4103 547 4165 ille
571 4126 590 4166 a
614 4124 732 4166 somno
756 4104 904 4186 corporis
928 4095 1120 4185 pauefactus
1144 4101 1266 4164 exiliit?
1297 4100 1407 4163 ethic
1432 4103 1540 4182 qui-35

267 4213 345 4273 dem
368 4213 527 4273 'immunis
559 4210 667 4274 adhuc
699 4233 718 4272 a
749 4220 841 4272 reatu
873 4218 943 4272 erat
975 4209 1140 4283 adulterii,
1172 4229 1233 4271 nos
1264 4230 1343 4270 uero
1375 4210 1502 4270 totiens

376 4363 398 4414 3.
420 4352 484 4401 Gen.
506 4365 548 4412 20,
575 4363 652 4413 2—3.
672 4381 707 4387 —
730 4364 768 4400 11.
789 4352 855 4400 Gen.
879 4364 917 4412 12,
946 4361 985 4414 17.
1005 4381 1041 4388 -
1063 4364 1101 4413 14.
1122 4351 1187 4402 Gen.
1209 4365 1249 4412 20,
1271 4363 1294 4415 3.
1314 4380 1349 4388 —-
1370 4347 1412 4401 26.
1433 4351 1502 4402 Gen.

271 4458 313 4505 20,
334 4458 350 4505 4
370 4452 394 4492 et
414 4454 438 4512 5.
458 4470 493 4478 -
512 4453 554 4508 32.
575 4443 594 4493 Ι.
615 4443 674 4492 Cor.
696 4453 719 4507 3,
744 4452 782 4503 17.
