3167 5025
1290 210 1331 286 67

113 407 213 468 octies
237 410 335 489 passa
351 415 401 467 tot
418 407 594 488 patientiae
619 427 759 468 coronas
782 404 930 488 accepit?
954 407 996 468 ad
1014 404 1107 468 huius
1124 427 1204 487 ergo
1222 409 1334 468 matris

108 515 303 595 obsequium
342 523 457 577 mutuo
496 515 717 596 uosmetipsos
752 494 984 589 cohortamini,
1022 516 1064 576 ad
1100 513 1230 577 laudem
1266 517 1334 577 eius

107 623 299 684 alterutrum
324 622 514 703 praeuenire
537 622 683 684 nitimini.
708 622 794 683 unde
819 621 1014 702 quibusdam
1038 631 1182 684 uestrum
1204 621 1334 704 placuit,

107 740 143 792 ut
166 738 202 791 et
225 749 278 790 me
300 727 462 790 tantillum
487 729 601 790 studiis
625 729 691 791 suis
715 729 953 802 adsciscerent,
984 737 1017 791 et
1048 730 1080 791 in
1105 730 1237 806 eadem,
1269 752 1334 812 qua

83 847 247 900 smatrem
263 835 435 899 honoratis
449 835 637 911 deuotione,
651 835 909 900 collaudatorem
926 835 1093 899 haberent.
1118 838 1333 900 meminerunt

110 947 148 1007 de
182 945 326 1006 lectione
359 943 569 1026 euangelica:
603 944 743 1006 z‘ntrauz't
765 943 862 1024 Jesus
893 944 928 1006 in
961 943 1124 1026 quoddam
1158 945 1332 1018 castellum,

107 1051 258 1114 Anselmi
290 1051 533 1114 Cantuariensis
564 1050 802 1133 archiepiscopi
835 1050 949 1113 haberi
984 1060 1176 1126 tractatum,
1215 1053 1332 1116 beatae
1400 1115 1404 1121 .

106 1161 230 1223 Mariae
253 1179 385 1242 semper
407 1161 540 1241 uirginis
564 1161 741 1242 praeconio
765 1158 951 1242 specialiter
975 1169 1219 1238 consecratum;
1254 1160 1331 1230 nihi·

104 1269 247 1330 lominus
285 1276 319 1330 et
357 1268 390 1328 in
418 1269 546 1331 cantica
580 1269 782 1331 canticorum
813 1267 952 1348 Ruperti
991 1267 1121 1330 abbatis
1152 1268 1333 1338 Tuicieusis

75 1408 97 1433 10
106 1397 188 1458 opus
221 1375 395 1453 eximium,
433 1376 476 1437 ad
508 1376 655 1438 eiusdem
686 1376 911 1437 sanctissimae
942 1395 1117 1456 personam
1148 1375 1331 1438 formatum.

104 1485 245 1565 exigunt
268 1483 388 1564 itaque,
412 1493 448 1545 ut
470 1482 536 1546 hoc
558 1482 715 1565 exemplo
738 1503 817 1544 suae
841 1503 988 1564 quoque,
1019 1484 1120 1545 immo
1144 1493 1177 1545 et
1201 1492 1332 1546 nostrae

102 1593 211 1665 matri,
233 1591 353 1652 beatae
370 1590 531 1654 Felicitati
553 1589 683 1653 titulum
706 1589 856 1672 specialis
881 1591 1004 1671 erigam
1025 1589 1138 1666 laudiS,
1162 1595 1333 1674 proposita

102 1698 181 1762 mihi
205 1699 345 1760 materia
368 1700 410 1761 de
434 1697 548 1761 ultima
570 1708 665 1782 parte
689 1699 938 1781 prouerbiorum
962 1697 1157 1762 Salomonis
1333 1711 1335 1714 ’

211 1805 257 1868 Et
292 1806 335 1868 illi
370 1808 502 1887 quidem
539 1809 644 1870 sancti
679 1816 790 1889 patres
826 1827 886 1888 pro
923 1805 1047 1868 indulta
1082 1807 1142 1868 sibi
1177 1807 1331 1869 diuinitus

69 1942 90 1976 ιε
101 1916 226 1996 gratia,
266 1923 334 1976 tam
373 1935 470 1976 sensu
509 1935 608 1995 quam
646 1915 835 1995 eloquentia
873 1913 1058 1988 affluentes,
1102 1914 1331 1976 decentissime

101 2032 244 2084 matrem
269 2022 462 2102 praedicant
485 2031 518 2084 et
542 2023 718 2103 uirginem;
743 2023 829 2084 unde
854 2031 963 2084 autem
987 2019 1051 2084 hoc
1068 2020 1153 2096 mihi,
1178 2023 1229 2083 cui
1252 2022 1331 2083 dicit

103 2131 209 2191 Deus:
234 2149 336 2209 quare
359 2139 393 2190 tu
415 2150 552 2191 errarras
574 2129 717 2191 abstritus
740 2151 841 2200 meas,
866 2139 901 2191 ut
924 2131 1023 2210 digne
1047 2129 1179 2191 laudare
1203 2129 1331 2191 ualeam

109 2245 287 2316 martyrum
319 2245 459 2298 matrem
490 2245 523 2300 et
550 2235 751 2316 martyrem?
782 2245 995 2299 ueruntamen
1019 2237 1080 2298 etsi
1102 2237 1255 2317 indignus
1279 2257 1331 2298 ne-

110 2363 271 2424 quaquam
295 2363 353 2404 ero
376 2343 560 2417 indeuotuS,
584 2363 720 2425 sperans
743 2344 903 2405 minutum
927 2342 1000 2417 hoc,
1024 2345 1113 2424 quod
1135 2365 1179 2405 ex
1196 2365 1331 2427 pauper·

77 2461 171 2514 atate
195 2470 273 2513 mea
296 2451 329 2513 in
352 2449 626 2533 gazophylacium
650 2451 762 2526 mitto,
786 2451 903 2513 beatae
928 2450 1121 2526 Felicitatis,
1144 2472 1230 2533 quae
1253 2451 1331 2515 mul·
1376 2532 1383 2541 ,

108 2569 174 2621 tum
211 2560 320 2632 misit,
358 2559 582 2621 commendari
620 2560 780 2640 precibus
820 2569 855 2622 ut
894 2580 973 2621 uero
1012 2559 1254 2622 calumniatoris
1292 2582 1330 2623 os

113 2666 321 2738 obstruerem,
344 2666 388 2728 nil
411 2686 493 2732 meo,
510 2666 644 2729 arbitrio
667 2668 699 2728 in
722 2666 785 2729 hac
809 2676 902 2749 parte
927 2668 1139 2750 praesumpsi.
1164 2676 1257 2729 tanta
1280 2677 1331 2729 est

117 2774 196 2833 enim
217 2774 339 2835 domini
363 2773 491 2836 abbatis
516 2775 579 2835 mei
602 2773 849 2847 beneuolentia,
880 2783 915 2835 ut
946 2775 1019 2856 ipso
1044 2773 1173 2835 fauente
1198 2794 1329 2835 manum

116 2878 184 2942 huic
212 2880 370 2963 opusculo
401 2882 629 2963 imposuerim,
660 2882 728 2943 eius
759 2882 949 2962 magisterio
980 2881 1210 2962 corrigendum
1239 2901 1329 2962 prae·

76 2990 312 3062 zssentauerim,
335 2988 435 3069 ipsius
459 3008 591 3069 quoque
613 2989 828 3069 permissione
852 2988 947 3051 uobis
970 2986 1035 3050 hoc
1059 2987 1240 3050 obtulerim.

208 3096 353 3157 Vestrae
376 3096 482 3175 igitur,
506 3084 600 3177 pater
619 3096 726 3169 beate,
749 3097 960 3177 omniumque
984 3096 1123 3157 filiorum
1147 3102 1329 3158 uestrorum

102 3202 287 3265 defensioni
318 3201 378 3263 sub
409 3203 599 3265 testimonio
630 3211 764 3265 sanctae
796 3204 965 3282 martyris,
1005 3203 1056 3263 cui
1094 3202 1238 3265 dicatum
1270 3211 1329 3275 est,

101 3310 293 3391 depositum
322 3309 409 3371 istud
434 3310 550 3372 iterum
574 3311 757 3390 iterumque
781 3310 996 3383 commendo,
1027 3318 1063 3371 ut
1087 3310 1147 3371 etsi
1171 3308 1240 3371 aliis
1265 3311 1329 3389 qui-

100 3416 246 3479 buslibet
262 3415 416 3477 notabilis
439 3416 472 3479 in
496 3415 561 3481 hoc
584 3437 658 3479 mea
681 3417 831 3479 uideatur
851 3418 1084 3497 praesumptio,
1107 3415 1202 3479 uobis
1218 3425 1329 3479 tamen

68 3556 90 3588 3⁰
98 3522 253 3588 amabilis
277 3522 319 3583 sit
342 3522 485 3585 deuotio
518 3524 658 3603 proinde
681 3524 758 3603 quia
781 3524 888 3586 omnis
911 3522 1079 3585 detractor
1103 3524 1330 3596 eradicabitur,
1403 3544 1407 3550 ·

97 3633 303 3711 quicumque
340 3628 433 3691 huius
472 3629 540 3691 uitii
579 3628 653 3691 labe
691 3628 828 3692 insectus
867 3627 1011 3691 libellum
1042 3611 1141 3693 istum
1175 3632 1329 3711 attigerit,

96 3745 218 3820 parcat
250 3744 317 3798 tam
349 3735 409 3797 sibi
440 3756 539 3816 quam
571 3734 665 3810 mihi,
696 3737 876 3817 timeatque
907 3736 1067 3811 lacerare,
1099 3738 1189 3818 quod
1217 3747 1328 3801 tantae

98 3845 217 3908 matris
241 3862 280 3905 ac
302 3842 559 3906 domesticorum
583 3843 652 3909 eius
676 3844 818 3905 munitur
841 3844 1044 3905 auctoritate.

209 3982 234 4034 b.
256 3986 317 4035 Luc.
340 3998 379 4046 10,
400 3981 441 4049 38.
461 4014 497 4022 -
519 3997 557 4048 13.
578 3986 653 4034 Prou.
673 3997 714 4046 31,
739 3996 849 4045 10-31.
870 4014 903 4021 --
927 3996 964 4047 17.
985 3986 1025 4035 Ps.
1045 4000 1087 4052 49,
1111 3983 1149 4036 16.
