3167 5025
1285 214 1385 282 53-

99 397 239 466 randum
271 398 453 483 equitatum
485 398 602 463 summi
633 399 728 481 regis.
761 394 897 484 longum
929 406 996 474 est,
1027 398 1054 462 si
1077 400 1120 461 ad
1143 398 1233 464 illum
1266 419 1327 463 uos

98 510 265 575 deducere
289 508 387 571 uelim
411 510 606 591 equitatum,
630 508 685 571 ubi
708 528 768 590 per
791 508 900 580 Dauid
923 507 1068 570 inclitum
1092 507 1225 570 militiae
1247 528 1327 570 suae

98 615 291 696 signiferum
314 618 393 680 item
417 617 449 679 in
474 618 567 697 uirga
590 625 706 681 contra
729 614 859 678 Goliam
882 616 1044 698 processit
1067 616 1110 677 ad
1134 614 1264 677 bellum.

206 723 275 787 Sed
307 724 505 786 reuertimini
536 724 579 787 ad
610 724 816 805 propositum
844 724 1027 805 praesentis
1050 723 1114 786 loci
1136 724 1328 804 equitatum,

77 831 349 896 sconsiderantes
388 832 530 894 eundem
568 852 698 913 regem,
743 839 950 893 mansuetum
993 831 1115 893 asinae·
1148 830 1328 892 ministerio
1397 856 1401 867 ·

100 939 313 1013 subuectum,
344 947 377 1001 et
409 940 555 1001 eiusdem
578 938 785 1013 humilitatis,
818 940 908 1002 cuius
931 940 997 1001 iam
1020 948 1053 1001 et
1076 939 1109 1001 in
1139 937 1193 1000 illa
1215 936 1329 999 militia
1422 1002 1425 1006 ,

101 1046 251 1120 memini,
286 1047 385 1109 etiam
417 1046 469 1109 hic
501 1048 705 1110 adornatum.
740 1048 824 1109 sicut
859 1048 945 1109 enim
980 1046 1149 1109 uisibiliter
1182 1047 1215 1107 in
1248 1045 1329 1105 mari

101 1154 198 1217 rubro
217 1152 433 1229 Pharaonem,
457 1156 502 1217 ita
525 1155 727 1218 inuisibiliter
749 1174 882 1236 quoque
905 1156 938 1217 in
961 1154 1115 1237 passione
1139 1174 1199 1215 sua
1221 1150 1331 1232 debelg
1419 1165 1423 1174 '

102 1260 164 1324 lare
197 1262 291 1323 uenit
318 1262 434 1324 mundi
469 1260 563 1326 huius
599 1263 796 1343 principem;
831 1263 974 1343 ideoque
1007 1270 1124 1324 contra
1157 1258 1330 1342 superbiae

77 1391 97 1415 10
104 1388 215 1449 regem
240 1388 301 1450 per
315 1366 506 1433 humilitatis
523 1376 555 1431 et
572 1369 820 1431 mansuetidinis
843 1369 1065 1432 dimicandum
1081 1376 1152 1431 erat
1167 1368 1330 1429 uirtutem.

102 1476 259 1555 quocirca
291 1496 366 1537 cum
397 1496 552 1557 passurus
584 1476 777 1540 ascenderet
802 1475 1088 1557 Hierosolymam,
1122 1492 1332 1556 nequaquam

101 1582 252 1645 exhiberi
288 1583 349 1645 sibi
382 1583 484 1646 uoluit
516 1604 635 1665 equum
667 1583 844 1660 feruidum,
876 1585 933 1665 qui
964 1584 1006 1646 de
1041 1583 1141 1665 longe
1173 1583 1332 1646 odoratur

100 1690 233 1764 bellum,
259 1698 293 1751 et
317 1692 440 1772 gaudet
465 1693 506 1754 ad
530 1692 629 1755 tubae
654 1692 806 1767 sonitum,
830 1700 864 1754 et
888 1712 962 1755 cum
985 1692 1102 1754 uiderit
1118 1691 1331 1772 sanguineam

102 1818 259 1879 pugnam,
284 1798 363 1861 dicit
379 1799 411 1863 in
428 1800 529 1862 corde
553 1820 629 1863 suo:
653 1800 879 1879 benefactum;
901 1800 960 1861 sed
984 1800 1070 1861 sedit
1093 1776 1193 1880 super
1214 1795 1332 1859 animal

72 1940 93 1975 15
102 1905 249 1986 ignobile
272 1904 432 1969 infirmum
458 1914 491 1971 et
515 1906 719 1983 oneriferum,
743 1906 868 1988 eligens
891 1908 1016 1969 asinam
1039 1904 1282 1987 tranquillitatis
1297 1910 1332 1965 et

103 2015 192 2094 pacis
218 2015 367 2075 amicam.
392 2015 464 2096 ipsa
488 2014 586 2077 etiam
611 2015 797 2077 deuotionis
819 2035 945 2097 pompa
965 2035 986 2076 a
1005 2014 1250 2095 susceptoribus
1265 2012 1332 2075 suis

106 2123 133 2183 ei
153 2120 300 2186 fideliter
322 2121 485 2197 exhibita,
518 2122 563 2185 nil
587 2123 717 2204 penitus
742 2123 932 2185 ostentabat
955 2122 1149 2184 ambitiosae
1174 2120 1332 2194 elationis,

112 2230 218 2291 sedin
244 2230 344 2291 ramis
368 2228 595 2293 frondentibus
619 2239 652 2293 et
676 2231 813 2293 deiectis
836 2230 926 2293 humi
949 2230 1112 2305 uestibuS,
1143 2227 1333 2291 manifestis·

115 2338 186 2399 sima
208 2334 419 2419 praeferebat
442 2338 630 2399 testimonia
654 2338 795 2420 pietatis
818 2338 959 2420 proinde
981 2358 1042 2400 rex
1066 2346 1273 2412 mansuetus,
1300 2345 1334 2398 et

84 2474 105 2499 20
114 2446 223 2507 sedens
249 2466 350 2528 super
373 2447 498 2509 asinam
521 2447 567 2508 sic
591 2467 611 2508 a
634 2447 729 2509 nobis
753 2448 874 2530 suscipi
899 2446 1080 2522 desiderat,
1110 2454 1146 2508 ut
1170 2446 1334 2527 equitatus

114 2555 156 2614 sui
178 2553 424 2619 similitudinem
447 2556 480 2616 in
503 2555 650 2618 moribus
674 2557 794 2618 nostris
817 2557 970 2637 requirat.

212 2660 329 2741 ltaque
361 2659 413 2723 uel
444 2682 550 2744 pauca
581 2683 623 2724 ex
655 2661 704 2724 his
734 2670 770 2724 ut
802 2663 971 2744 coepimus
999 2662 1208 2724 considerare
1230 2668 1334 2742 temp÷

122 2772 225 2841 temus,
247 2789 315 2850 quo
332 2768 449 2830 saltem
472 2771 545 2852 ipsa
569 2769 782 2833 meditatione
801 2771 1003 2846 commoniti,
1025 2769 1068 2831 ad
1084 2769 1225 2850 agenda,
1248 2787 1334 2849 quae

123 2874 307 2940 meditamur
334 2885 377 2939 ¹et
411 2875 590 2958 loquimur,
625 2877 759 2942 tandem
794 2877 971 2958 aliquando
1007 2876 1207 2958 euigilemus.
1243 2874 1334 2956 quod

84 3008 107 3043 ²5
118 2979 287 3064 discipulos
326 2985 537 3065 praemittere
576 2985 730 3066 dignatur
765 2985 928 3047 Dominus
966 2980 1008 3047 ad
1047 2983 1237 3046 exhibenda
1273 2982 1336 3044 sibi

111 3090 296 3165 ministeria,
321 3090 363 3152 ad
380 3089 538 3154 soluenda
555 3101 588 3155 et
604 3092 800 3154 adducenda
822 3093 967 3154 iumenta
990 3091 1103 3167 aliena,
1126 3091 1335 3174 praeuenien-

108 3198 147 3258 tis
169 3197 328 3260 indicium
353 3205 403 3258 est
427 3199 568 3278 gratiae;
600 3199 683 3260 sicut
707 3207 740 3260 et
763 3197 827 3260 hoc
851 3198 942 3279 quod
966 3197 1170 3260 Zacchaeum
1202 3197 1336 3259 nonin.

108 3305 269 3369 uitantem
287 3324 321 3366 se
338 3323 585 3387 praeoccupans
602 3306 661 3368 ait:
686 3303 865 3376 Zacchaee,
884 3304 1050 3384 fistenam
1070 3303 1235 3376 descende,
1259 3303 1336 3385 quia

106 3411 202 3476 lredee
234 3411 269 3472 in
301 3410 393 3474 domo
424 3421 480 3474 tua
511 3422 629 3492 oportet
658 3433 707 3474 me
737 3433 873 3474 mamre.
905 3411 1023 3492 quibus
1054 3413 1140 3474 enim
1165 3412 1337 3474 conatibus

73 3517 254 3583 aohumana
285 3519 422 3580 tarditas
454 3520 495 3581 ad
527 3518 771 3601 suscipiendum
804 3540 877 3582 eum
909 3521 990 3600 erigi
1018 3521 1115 3582 sciret
1138 3518 1190 3581 uel
1214 3526 1337 3601 posset,

103 3629 164 3690 nisi
194 3627 283 3708 ipse,
315 3625 356 3688 de
380 3628 470 3688 cuius
495 3646 627 3688 munere
652 3628 757 3702 uenit,
789 3636 824 3689 ut
848 3627 908 3689 sibi
932 3648 952 3688 a
975 3625 1123 3689 fidelibus
1148 3627 1214 3688 suis
1238 3626 1337 3706 digne

103 3745 137 3796 et
161 3731 375 3797 laudabiliter
399 3735 566 3810 seruiatur,
586 3743 778 3816 ¹torpentem
803 3735 1009 3816 ignorantiae
1029 3743 1161 3797 nostrae
1178 3734 1337 3796 desidiam

104 3841 357 3924 praeueniendo
380 3840 572 3904 suscitaret?
604 3843 680 3924 quia
703 3863 799 3919 uer0,
827 3852 863 3905 ut
886 3841 1051 3925 propheta
1074 3848 1229 3916 testatur,
1253 3841 1339 3922 equi·

105 3953 200 4012 tat'us
226 3947 294 4010 eius
319 3950 441 4010 sanitas
460 3935 531 4024 est,
563 3959 706 4030 quantae
730 3949 942 4013 beatitudinis
969 3949 1173 4012 aestimanda
1204 3956 1254 4010 est
1285 3946 1339 4008 illa

74 4059 239 4131 ssanima,
262 4075 346 4136 quae
371 4055 471 4118 talem
494 4077 530 4118 se
554 4057 697 4118 uenienti
721 4056 865 4118 Domino
889 4055 1090 4131 exhibuerit,
1114 4064 1152 4117 ut
1175 4072 1338 4117 sessorem

108 4185 187 4226 eum
221 4161 343 4225 habere
374 4162 556 4226 mereatur?
595 4161 679 4224 hanc
712 4165 799 4224 enim
832 4163 974 4245 apostoli
1013 4165 1078 4225 suis
1117 4170 1267 4226 sternunt
1306 4169 1340 4222 et

110 4272 277 4334 adornant
308 4270 467 4345 uestibus
500 4271 654 4335 uirtutum
686 4271 798 4353 utique
829 4290 867 4333 ac
899 4272 1087 4332 meritorum
1116 4269 1270 4345 cultibuS,
1303 4276 1338 4330 ut

223 4425 264 4478 29.
287 4413 347 4459 Luc.
372 4423 410 4476 19,
434 4421 456 4476 5.
