3167 5025
247 242 284 289 12
457 252 464 285 l

219 428 339 518 lantur
369 421 411 482 ad
442 420 586 503 hospitia
609 432 731 499 nostra,
763 424 1000 506 compellendis
1023 433 1116 506 patet
1147 426 1238 498 ratio,
1263 432 1296 485 et
1320 408 1478 505 frequens

240 536 291 588 est
323 529 408 589 inter
431 528 545 591 fideles
565 528 658 592 huius
680 532 866 593 deuotionis
898 532 1089 606 aemulatio,
1125 532 1183 593 sed
1217 530 1324 613 altior,
1343 531 1480 592 uidetur

240 636 404 715 quaedam
434 634 528 697 huius
561 638 607 697 rei
632 638 877 719 contemplatio,
908 659 970 700 nos
1002 640 1087 700 enim
1117 638 1216 718 longe
1248 638 1341 699 aliter
1371 656 1476 719 quam

240 740 330 803 Loth
354 744 386 803 in
410 742 565 805 Sodomis
590 745 767 807 mansimus
792 755 825 808 et
850 766 1028 820 manemus
1053 746 1198 827 quinon
1222 755 1352 807 tantum
1367 730 1477 806 ¹locali

239 848 485 912 cohabitatione
510 852 568 912 sed
593 860 626 912 et
650 852 828 933 iniquitatis
853 855 1098 936 perpetratione
1123 874 1197 916 cum
1221 852 1361 916 concilio
1384 852 1476 913 uani·
1511 878 1525 912 5

239 959 317 1019 tatis
341 958 494 1019 sedemus
518 968 641 1020 etcum
666 960 777 1040 zlrr'qrra
804 962 985 1042 gerentibus
1014 946 1200 1024 introimus:
1231 972 1293 1022 nec
1317 970 1428 1021 tamen
1456 980 1477 1019 a

239 1063 351 1125 salutis
386 1074 520 1127 nostrae
555 1066 763 1147 prouidentia
798 1078 906 1130 cessat
937 1068 990 1130 ille
1022 1070 1133 1149 magni
1165 1068 1292 1130 consilii·
1325 1066 1475 1147 angelus.

239 1172 382 1251 gratuita
399 1174 521 1255 quippe
538 1174 742 1255 benignitate
767 1197 825 1238 sua
849 1178 891 1239 ad
916 1197 977 1239 nos
1001 1176 1168 1239 declinans
1192 1185 1259 1237 stat
1283 1177 1324 1237 ad
1349 1174 1475 1235 ostium

239 1287 273 1339 et
297 1278 413 1360 pulsat,
438 1300 476 1342 ac
501 1289 536 1342 ut
560 1282 687 1362 ingredi
711 1282 833 1345 debeat
852 1284 927 1363 cogi
944 1305 963 1345 a
978 1285 1074 1345 nobis
1091 1284 1265 1345 desiderat.
1289 1284 1365 1363 quia
1382 1282 1474 1342 enim

238 1396 451 1467 peccatorum
474 1389 626 1450 sordibus
650 1389 775 1471 polluta
800 1400 850 1451 est
873 1392 1093 1453 conscientiae
1118 1392 1236 1452 domus
1260 1390 1403 1470 ideoque
1426 1389 1474 1448 in·
1489 1414 1518 1437 10

238 1498 339 1577 digna
363 1496 547 1556 uisitatione
572 1497 681 1577 ipsius,
709 1505 811 1558 restat
836 1506 879 1572 ut,
903 1518 1001 1578 quem
1025 1517 1093 1558 non
1110 1497 1312 1558 delectamus
1336 1497 1475 1569 meritiS,

238 1603 389 1685 precibus
414 1603 455 1663 ad
480 1604 711 1665 introeundum
728 1604 974 1686 compellamus
998 1614 1032 1665 et
1056 1604 1204 1666 lacrimis.
1229 1606 1270 1665 ad
1295 1602 1473 1665 Abraham

238 1712 393 1773 dilectum
425 1730 518 1771 suum
551 1709 697 1791 aliosque
728 1712 811 1773 tales
843 1732 909 1773 non
943 1711 1132 1793 compulsus
1164 1711 1250 1773 ultro
1278 1712 1473 1791 ingreditur,

238 1838 377 1899 quorum
402 1807 466 1879 fide
491 1839 529 1879 ac
553 1817 731 1880 deuotione
756 1821 856 1899 digne
882 1821 1072 1901 suscipitur,
1104 1820 1278 1881 sanctitate
1302 1817 1473 1880 uitae‘ho

236 1935 379 2000 noratur,
412 1927 454 1988 ad
485 1934 695 2007 peccatorem
728 1948 808 1988 uero
839 1928 1005 1988 diuertens
1036 1927 1211 2007 gemitibus
1242 1924 1470 2008 interpellatur
1480 1957 1502 1991 ις

237 2055 275 2096 ac
292 2033 495 2113 singultibus,
516 2032 697 2095 humilitate
714 2033 863 2108 flectitur,
888 2036 1084 2096 contritione
1101 2036 1238 2114 cogitur,
1262 2042 1298 2095 ut
1313 2034 1472 2094 introitus

237 2142 285 2201 sui
316 2130 532 2201 illustratione
564 2140 672 2202 locum
705 2140 765 2201 sibi
786 2141 838 2202 ‘ad
865 2142 1062 2203 manendum
1095 2142 1272 2202 emundare
1304 2141 1471 2219 dignetur.

237 2247 353 2329 quibus
385 2249 470 2309 enim
503 2247 572 2309 aliis
600 2250 790 2310 meritorum
815 2250 1027 2331 apparatibus
1052 2250 1134 2310 latro
1158 2248 1211 2309 ille
1235 2250 1267 2309 in
1290 2268 1387 2310 cruce
1410 2246 1471 2309 ob-

236 2358 339 2417 tinere
371 2357 550 2437 potuisset,
582 2364 616 2416 ut
649 2356 844 2417 tenebrosas
876 2357 1096 2418 conscientiae
1129 2377 1206 2418 suae
1238 2355 1380 2417 latebras
1408 2353 1470 2414 lux

237 2484 314 2528 uera
338 2464 543 2546 praesentiae
568 2484 646 2525 suae
670 2462 797 2544 fulgore
829 2465 1014 2538 irradiaret,
1046 2464 1107 2525 nisi
1139 2463 1243 2526 solam
1274 2461 1467 2524 humilitatis
1480 2492 1510 2515 ρο

237 2575 336 2652 atque
360 2569 574 2632 confessionis
598 2570 740 2634 hostiam
765 2569 960 2632 obtulisset?

342 2678 409 2741 Sed
433 2663 497 2739 iam
522 2679 562 2740 ad
588 2677 676 2739 Loth
701 2679 883 2740 redeamus.
908 2679 1102 2739 introductis
1127 2698 1207 2758 ergo
1232 2678 1274 2739 ad
1299 2698 1333 2737 se
1355 2674 1468 2756 hospi·

235 2785 322 2848 tibus
346 2783 422 2846 fecit
446 2786 640 2859 conuiuium,
665 2785 752 2846 nulla
776 2791 888 2846 tamen
912 2795 947 2846 ut
971 2786 1002 2846 in
1027 2783 1184 2846 Abrahae
1209 2783 1388 2845 ministerio
1412 2782 1470 2842 dess

236 2895 358 2974 scripta
389 2894 547 2954 uarietate
578 2891 781 2954 ferculorum.
816 2893 908 2953 coxit
932 2901 1043 2953 tamen
1067 2893 1185 2966 azima,
1217 2891 1398 2951 ostendens
1424 2890 1472 2950 ad

235 3021 348 3063 eorum
373 3021 408 3062 se
432 3001 596 3082 pertinere
621 3000 840 3073 consortium,
872 3001 925 3079 qui
950 3007 1138 3080 expurgato
1168 2999 1270 3058 ueteri
1301 2996 1470 3058 fermento
1482 3025 1504 3062 τε

235 3109 266 3169 in
291 3109 401 3170 azimis
418 3089 613 3169 sinceritatis
638 3116 669 3168 et
695 3107 840 3168 ueritatis
864 3105 1019 3188 paschale
1043 3125 1117 3167 cum
1134 3105 1278 3166 Domino
1296 3103 1471 3166 celebrant

235 3217 430 3277 conuiuium.
466 3214 509 3275 ob
545 3215 634 3276 cuius
669 3215 795 3294 gratiae
830 3213 1147 3274 consummationem
1181 3212 1213 3271 in
1240 3209 1470 3289 Jsraelitarum

234 3331 320 3404 typo
345 3323 386 3383 de
411 3321 580 3396 Sodomis,
610 3321 665 3382 ubi
688 3319 862 3401 plurimum
886 3319 1079 3400 Aegyptiae
1102 3315 1352 3398 praeualuer'ant
1376 3326 1470 3378 tene-

237 3429 334 3504 brae,
358 3429 487 3491 duobus
512 3428 636 3508 angelis
661 3437 829 3507 tamquam
854 3427 973 3506 Moyse
998 3434 1030 3486 et
1054 3424 1170 3485 Aaron
1193 3423 1350 3483 ducatum
1374 3442 1469 3504 prae-

235 3536 397 3598 stantibus
429 3535 612 3616 egreditur,
648 3542 682 3596 ut
714 3534 755 3595 ad
788 3551 899 3594 ueram
930 3527 1310 3610 illamrepromissionis
1341 3535 1469 3590 terram
1479 3557 1501 3593 30

235 3643 405 3725 peruenire
437 3650 607 3703 mereatur.
640 3641 695 3721 qui
715 3637 808 3719 ¹ergo
839 3638 972 3699 beatum
996 3636 1082 3697 hunc
1106 3631 1322 3715 patriarcham
1348 3635 1399 3695 0b³
1420 3657 1470 3697 re·

235 3750 460 3812 cordationem
485 3747 643 3811 Abrahae
668 3747 763 3809 amici
786 3747 835 3807 sui
860 3767 879 3806 a
903 3744 1123 3807 Sodomorum
1147 3740 1263 3820 eripuit
1294 3739 1468 3818 incendiis,

234 3877 295 3918 nos
320 3856 363 3918 ob
387 3859 579 3918 memoriam
603 3854 845 3917 misericordiae
862 3872 939 3913 suae
957 3870 975 3911 a
992 3856 1202 3930 peccatorum
1219 3853 1311 3906 eruat
1328 3833 1468 3928 laqueis.

341 3997 365 4049 l).
386 3966 425 4048 Ps.
447 4009 487 4063 25,
508 4014 532 4060 4v
597 3973 598 3978 l
622 3991 624 3996 ¹
