3167 5025
1278 219 1317 283 81

79 414 252 477 uidelicet
274 417 306 476 in
331 414 530 477 cohibitione
554 415 730 478 carnalium
753 415 978 479 illecebrarum
1002 417 1119 479 beatae
1144 415 1322 478 Felicitatis

78 524 266 586 imitentur
296 523 495 605 exemplum.
526 521 609 587 haec
632 525 718 588 enim
742 524 817 590 licet
841 521 1159 607 prius'coniugalem
1183 543 1322 587 summo·

78 651 173 711 pere
207 631 387 694 seruauerit
418 632 622 706 castitatem,
653 632 867 716 postmodum
895 640 1004 694 tamen
1029 632 1152 718 proprii
1175 632 1321 715 corporis

78 746 237 821 accepta
267 747 448 820 potestate,
479 759 578 820 quarn
605 738 666 801 sub
690 740 809 802 marito
833 760 900 803 non
923 739 1098 815 habuerat,
1129 759 1209 802 mox
1233 755 1322 822 prae·

54 847 220 910 sclarum
254 845 332 908 illud
363 844 561 908 fortitudinis
591 846 726 929 arripuit
757 845 941 928 cingulum,
972 855 1005 908 et
1036 847 1191 928 quicquid
1222 848 1255 908 in
1285 868 1321 909 se

84 954 253 1017 fluitantis
268 952 554 1034 concupiscentiae
570 951 819 1036 deprehendere
835 955 951 1036 potuit,
975 952 1081 1034 rigida
1106 954 1321 1034 castigatione

84 1062 274 1124 restrinxit.
304 1059 432 1124 sciebat
461 1061 585 1143 quippe
615 1060 706 1142 quod
736 1062 780 1135 is,
811 1061 870 1144 qui
897 1061 932 1122 in
955 1081 1056 1143 agone
1078 1059 1250 1133 conandit,
1281 1061 1322 1123 ab

82 1169 242 1232 enindus
263 1189 297 1231 se
318 1167 469 1240 abstinet,
492 1178 524 1230 et
544 1167 600 1230 illi
620 1167 763 1250 quidem,
786 1178 824 1230 ut
844 1167 1078 1250 corruptibilem
1101 1189 1250 1231 coronam
1273 1189 1321 1232 ac·

80 1277 238 1359 cipiunt:
261 1297 318 1338 nos
340 1286 446 1339 autem
469 1276 694 1358 incomptam.
719 1285 755 1339 ut
778 1277 878 1358 igitur
901 1278 948 1339 sic
971 1284 1116 1340 curreret
1139 1296 1205 1340 norr
1229 1277 1322 1358 quasi

44 1409 71 1432 10
81 1387 125 1448 in
148 1387 328 1459 incertum,
360 1385 538 1467 expeditos
561 1383 682 1447 habere
706 1384 863 1448 studebat
886 1385 990 1468 pedes
1020 1385 1062 1448 ad
1086 1385 1233 1465 martyrii
1257 1384 1322 1467 pal·

82 1512 183 1555 mam
216 1499 451 1575 properantes,
480 1499 630 1555 metuens
660 1513 702 1554 ne
733 1491 785 1554 uel
809 1493 964 1554 tarditate
998 1491 1203 1572 aliquatenus
1234 1501 1322 1574 tepe-

83 1608 202 1663 sceret
234 1599 286 1662 uel
317 1598 412 1680 lapsu
442 1599 572 1680 penitus
604 1598 768 1662 deficeret.
800 1599 939 1681 proinde
963 1607 998 1660 ut
1022 1598 1185 1681 duplicem
1209 1600 1242 1660 in
1265 1583 1322 1660 ara

85 1711 156 1774 Dei
188 1707 332 1770 hostiam
354 1706 565 1781 immolaret,
604 1715 681 1769 ante
712 1707 880 1788 sanguinis
919 1707 1111 1770 effusionem
1150 1708 1256 1769 carnis
1288 1715 1321 1770 et

85 1816 263 1898 sanguinis
283 1812 416 1896 pertulit
438 1811 733 1878 mortificationem.
757 1813 923 1876 occultum
938 1815 1028 1896 prius
1043 1814 1203 1876 sustinere
1219 1814 1321 1877 uoluit

50 1956 75 1990 ιε
87 1924 307 2005 martyrium,
336 1941 404 2002 quo
434 1921 581 2001 paratior
612 1942 650 1983 ac
681 1920 796 1984 fortior
818 1919 1017 1984 inueniretur
1040 1921 1082 1982 ad
1107 1921 1320 1984 manifestum.

198 2029 232 2094 Ο
256 2029 367 2092 felices
390 2031 508 2093 beatae
531 2028 710 2092 Felicitatis
733 2028 873 2111 gradus!
904 2028 982 2092 felix
1005 2030 1038 2091 in
1062 2029 1232 2110 coniugi0,
1256 2028 1320 2090 seli·

92 2140 160 2202 cior
190 2139 226 2200 in
253 2138 422 2200 uiduitatis
445 2138 635 2220 proposito,
670 2134 855 2199 felicissima
889 2138 921 2198 in
956 2137 1103 2217 martyrii
1138 2135 1321 2220 triumpho:

94 2247 190 2308 beata
223 2265 285 2328 per
315 2245 478 2308 carnalem
507 2244 646 2306 filiorum
669 2245 932 2326 generationem,
963 2244 1092 2306 beatior
1114 2265 1173 2327 per
1195 2245 1320 2327 spiritu·

98 2353 177 2415 alem
200 2353 384 2415 eorundem
416 2354 717 2435 regenerationem,
747 2352 938 2416 beatissima
961 2373 1020 2434 per
1043 2352 1253 2415 uictoriosam
1275 2349 1320 2435 'ip-

62 2481 204 2523 aosorum
236 2461 562 2524 consummationem.
601 2479 663 2543 pro
694 2466 806 2523 tantae
841 2459 1051 2523 beatitudinis
1086 2458 1320 2544 expectatione

90 2571 240 2632 accincta
263 2576 315 2631 est
337 2567 528 2631 ¹fortitudine
558 2565 596 2631 et'
621 2568 790 2631 roborauit
813 2567 981 2631 brachium
1005 2588 1109 2630 suum.
1143 2575 1176 2629 et
1200 2569 1232 2629 in
1255 2564 1320 2631 hoc

96 2676 178 2739 ordo
201 2676 406 2759 praecipuus,
430 2675 527 2757 legali
551 2677 676 2739 dudum
700 2684 734 2737 et
749 2675 941 2759 euangelica
956 2676 1152 2738 auctoritate
1168 2678 1319 2739 sancitus.

100 2784 136 2843 in
156 2783 224 2863 lege
246 2783 381 2864 quidem
404 2783 447 2845 de
470 2781 534 2845 hoc
558 2780 672 2846 ordine
696 2784 854 2865 scripturn
879 2791 945 2845 est:
969 2803 1057 2846 renes
1076 2793 1196 2845 uestros
1218 2782 1319 2845 accin-

98 2890 188 2971 getir,
210 2890 419 2953 calceamenta
443 2889 598 2953 habebitis
620 2891 654 2952 in
672 2889 827 2971 pedr’bus:
850 2892 882 2951 in
905 2889 1078 2973 euangelio
1093 2886 1228 2953 autem:
1255 2890 1322 2953 sint

64 3022 89 3057 25
98 2996 201 3059 lumbi
223 2998 326 3060 uestri
348 2998 541 3079 praecincti,
571 3007 603 3059 et
630 2997 778 3059 lusemae
800 2997 947 3059 ardentes
969 2998 1003 3059 in
1026 2997 1175 3059 manibus
1197 2998 1319 3059 uestris.

94 3105 138 3167 ibi
160 3106 284 3189 quippe
307 3125 403 3167 renes
425 3106 515 3187 prius
538 3126 598 3187 per
612 3106 847 3168 continentiam
871 3105 1044 3186 accingere
1067 3112 1101 3167 et
1125 3107 1171 3167 ita
1187 3105 1319 3170 demum

92 3213 207 3295 pedes,
230 3213 264 3276 id
287 3221 339 3274 est
362 3232 499 3294 operum
522 3212 663 3293 uestigia
685 3210 924 3285 calceamentis
948 3219 1079 3293 patrum
1102 3212 1225 3275 seilicet
1241 3214 1345 3284 antl-

92 3341 234 3402 quorum
269 3318 431 3401 exemplis
466 3320 591 3381 munire
622 3321 842 3401 praecipimur
849 3340 856 3396 ;
895 3317 947 3381 hic
979 3340 1111 3401 quoque
1142 3321 1174 3382 id
1213 3320 1319 3401 ipsum

92 3428 169 3491 licet
193 3427 263 3490 aliis
286 3426 395 3489 uerbis
418 3425 659 3507 recapitulatur,
690 3426 744 3488 ubi
768 3425 898 3488 lumbos
923 3427 1073 3489 castitate
1107 3428 1321 3515 praecingere

51 3560 83 3595 ³0
93 3545 127 3597 et
144 3534 192 3598 sic
208 3534 358 3596 lucernas
373 3532 527 3597 ardentes
542 3532 706 3595 bonorum
730 3552 868 3614 operum
893 3540 1003 3595 tenere
1020 3533 1175 3597 iubemur.
1200 3535 1319 3619 ubique

91 3644 194 3725 igitur
215 3642 315 3704 beata
330 3640 484 3702 Felicitas
506 3640 659 3701 ordinato
682 3640 839 3702 uirtutum
862 3642 994 3703 tramite
1010 3641 1150 3717 incessit,
1174 3643 1320 3724 singulos

92 3749 307 3814 beatitudinis
329 3748 452 3829 gradus
476 3747 621 3828 legitime
645 3748 846 3809 conscendit.
870 3746 1068 3811 fortitudinis
1084 3749 1215 3831 cingulo
1231 3752 1320 3832 prius

91 3858 183 3920 illum
207 3856 373 3930 edomuit,
397 3857 488 3918 cuius
511 3855 613 3917 uirtus
635 3855 669 3916 in
692 3853 811 3917 lumbis
834 3856 903 3917 eius
926 3864 960 3917 et
983 3854 1141 3919 fortitudo
1165 3858 1197 3919 in
1221 3858 1320 3920 umbi-

87 3966 158 4029 lico
174 3964 298 4027 uentris
314 3964 392 4038 eius,
414 3964 527 4045 sicque
551 3970 686 4046 peracto
709 3961 798 4024 bello
822 3963 986 4039 intestino,
1010 3965 1052 4028 ad
1076 3965 1206 4047 agenda
1221 3966 1319 4027 etiam

53 4074 277 4137 „forinsecus
301 4073 456 4134 uirtutum
480 4092 583 4153 opera
605 4069 775 4133 brachium
799 4069 976 4133 roborauit.

201 4230 226 4280 9.
247 4216 268 4263 l.
288 4216 347 4264 Cor.
367 4232 392 4279 9,
413 4225 455 4279 25.
475 4244 510 4250 —
529 4227 571 4276 24.
592 4214 638 4262 Ex.
662 4225 701 4276 12,
725 4226 765 4263 rr.
784 4241 819 4250 -
840 4223 881 4277 25.
903 4214 964 4262 Luc.
988 4227 1026 4275 12,
1048 4224 1089 4277 35.
