3167 5025
119 466 239 528 eadem
263 467 337 548 ipsa
365 468 639 533 incommutabilis
669 468 732 530 Dei
764 470 924 551 sapientia
953 488 1037 549 quae
1069 468 1111 529 de
1143 488 1178 528 se
1212 475 1352 529 testatur

118 574 254 635 dicens:
278 594 335 655 ego
357 574 518 655 sapientia
543 573 651 636 ltabz'to
674 575 708 635 in
732 574 872 646 consilio,
896 584 927 635 et
943 573 1078 635 emditis
1101 574 1255 636 intersum
1271 575 1351 655 cogi·

116 680 313 742 tatzbnz'bus:
354 680 444 762 quod
480 691 530 744 est
554 664 747 744 intrinsecus
780 684 918 756 docere,
951 666 1050 743 etiam
1074 702 1134 763 per
1157 680 1294 762 angelos
1318 688 1351 742 et

116 790 149 849 in
181 786 311 867 angelis
346 790 479 850 ueniens
510 790 775 851 commonitionis
807 810 863 851 seu
896 774 1132 851 consolationis
1164 773 1350 851 autetiam

101 897 341 977 scorreptionis
366 898 562 958 adiutorium
586 897 768 979 praebebat
792 898 1007 959 extrinsecus
1033 897 1092 957 sed
1116 882 1352 959 sicutssecreta

124 1003 344 1084 inspirationis
374 1004 441 1065 eius
473 1004 616 1065 uisitatio
648 1004 861 1066 deuotissime
892 1013 925 1065 et
957 1011 1073 1085 parata
1103 1004 1273 1067 mansione
1308 1004 1351 1066 ab

122 1110 256 1171 eruditis
281 1111 456 1191 suscipitur
477 1110 736 1191 cogitationibus
762 1121 861 1192 atque
885 1132 903 1172 e
928 1111 1109 1185 contrario,
1134 1119 1168 1172 ut
1194 1103 1351 1193 scriptum

119 1229 184 1293 est,
220 1216 327 1280 aufert
349 1238 382 1279 se
404 1238 424 1279 a
448 1218 706 1299 cogitationibus,
740 1240 822 1300 quae
843 1229 920 1280 sunt
940 1219 1008 1279 sine
1031 1218 1206 1291 intellectu,
1239 1220 1286 1281 ita
1318 1228 1351 1281 et

115 1348 177 1409 per
208 1324 348 1406 angelos
380 1340 553 1407 apparens
575 1324 668 1388 aliter
697 1334 797 1407 atque
827 1312 920 1387 aliter
951 1347 971 1387 a
998 1314 1105 1407 dignis
1129 1311 1180 1387 uel
1208 1313 1352 1408 indignis

85 1458 106 1480 10
116 1436 207 1495 idem
233 1434 304 1515 ipse
329 1442 500 1515 susceptus
523 1431 654 1495 habitus
678 1432 860 1495 honoratus
884 1433 935 1495 uel
954 1441 1165 1515 contemptus
1180 1419 1350 1495 inuenitur.

227 1540 370 1601 Proinde
398 1540 475 1620 quia
497 1560 586 1601 mors
611 1542 737 1602 animae
762 1550 812 1602 est
836 1541 1125 1615 deserenteDeO,
1156 1541 1239 1602 sicut
1262 1560 1351 1602 mors

115 1650 270 1729 corporis
287 1648 459 1709 deserente
480 1649 596 1723 anima,
621 1649 801 1711 curandum
826 1668 1035 1730 summopere
1051 1649 1207 1729 omnique
1224 1650 1351 1710 uirtutis

116 1756 276 1816 instantia
299 1753 552 1829 elaborandum,
576 1756 728 1835 quatinus
753 1756 870 1830 uitam,
898 1757 967 1817 sine
991 1775 1057 1836 qua
1080 1757 1179 1816 etiam
1203 1757 1352 1817 uiuentes

116 1863 239 1924 mortui
256 1880 377 1936 sumus,
401 1864 543 1943 gratuita
559 1862 707 1923 bonitate
724 1882 785 1923 nos
809 1865 995 1924 uisitantem
1020 1850 1120 1943 digne
1136 1864 1351 1944 suscipiamus

84 1969 312 2052 rstemploque
343 1988 415 2029 eam
439 1969 571 2049 'gloriae
604 1990 681 2031 suae
712 1990 779 2031 non
812 1969 1049 2032 defraudemus
1084 1971 1270 2032 miseranda
1301 1970 1351 2033 est

116 2080 202 2139 enim
220 2085 270 2138 'et
303 2078 391 2137 omni
423 2075 628 2138 lacrimarum
660 2076 751 2138 fonte
779 2077 990 2140 lamentanda
1014 2079 1115 2161 ipsius
1139 2078 1351 2158 querimonia,

119 2206 181 2265 qua
212 2184 345 2246 cuidam
379 2204 437 2245 sua
470 2185 678 2265 susceptione
712 2183 763 2245 uel
798 2170 966 2246 mansione
997 2186 1134 2265 indigno
1169 2186 1358 2267 exprobrat.

124 2292 246 2353 dicens:
272 2290 384 2371 uulpes
399 2292 519 2371 foriens
542 2289 666 2361 liabent,
690 2302 721 2352 rt
742 2292 891 2353 rtolucres'
905 2292 989 2353 caeli
1002 2292 1113 2356 nidos:
1127 2292 1227 2375 filius
1242 2303 1349 2354 autem

125 2398 258 2461 leontinis
288 2396 482 2469 nonhabet,
516 2398 572 2459 nbi
593 2408 690 2479 caput
712 2419 807 2461 suum
830 2399 972 2461 reclinet
1008 2400 1352 2481 Jesu'benignissime3

4 2589 5 2594 ἵ
90 2506 176 2586 eoqui'
197 2505 354 2568 mortales
377 2525 439 2568 nos
456 2514 488 2568 et
510 2505 689 2569 infirmitati
713 2506 880 2570 obnoxios
904 2509 936 2570 in
958 2506 1119 2571 honorem
1137 2497 1198 2572 Dei
1222 2509 1352 2597 uoluisti

122 2615 284 2695 suscipere
294 2599 307 2688 ,⁵
333 2633 399 2694 quo
429 2614 561 2694 pietatis
593 2623 626 2674 et
658 2615 861 2676 reuerentiae
893 2625 1053 2697 apparatu
1083 2619 1211 2700 suscipi
1228 2617 1351 2679 debeas

126 2719 292 2798 dignanter
316 2721 438 2798 edoce3
463 2710 545 2783 ueni
562 2723 766 2783 mansionem
791 2723 879 2804 apud
903 2742 965 2783 nos
989 2709 1134 2787 facturus
1154 2711 1352 2786 'cambene-

130 2826 214 2886 dicto
236 2837 342 2908 patre;
374 2827 489 2910 uulpes
504 2818 695 2890 'cauernulis
720 2831 785 2891 suis
809 2818 950 2905 eiectae,
982 2831 1133 2893 uolucres
1164 2832 1250 2893 nidis
1275 2818 1351 2892 eflu-

126 2941 223 3012 gatae
246 2933 377 2998 liberum
402 2936 482 2996 dare
506 2943 669 3016 cogantur
692 2935 800 2998 locum
825 2939 1031 3018 praesentiae
1055 2939 1237 3000 sanctitatis
1254 2923 1350 3015 tuae}

87 3067 110 3102 25
121 3041 259 3103 ostende
280 3042 376 3105 nobis
401 3031 475 3104 cuni
499 3043 619 3123 Moyse
643 3043 729 3104 uiam
754 3053 860 3120 tuam;
882 3045 1098 3126 suscipiamus
1122 3065 1196 3106 cum
1221 3045 1351 3127 psalmi-

102 3157 167 3210 ·sta
190 3149 448 3212 misericordiam
473 3159 563 3210 tuam
587 3149 621 3210 in
634 3149 749 3210 unedo
773 3151 886 3231 templi
907 3152 962 3213 tui.
987 3153 1156 3214 uideamus
1180 3162 1221 3214 etx
1237 3155 1352 3215 inno·

114 3255 315 3340 bismetipsis
338 3249 616 3337 recognoscamus
646 3259 850 3319 mansionem
881 3267 971 3321 tuam
1004 3261 1352 3342 cumprimis-uesti-

113 3367 246 3445 giorum
270 3374 401 3426 tuorum
426 3364 652 3439 sectatoribus,
677 3364 857 3445 dequibus
881 3367 1038 3447 scriptum
1056 3375 1122 3428 est:
1140 3379 1303 3430 «uenerunt
1323 3378 1354 3430 et

112 3473 275 3545 aederunt,
300 3471 356 3532 ubi
377 3480 525 3544 nraneret,
549 3459 580 3533 et
602 3470 693 3551 aptrd
713 3491 783 3534 eum
796 3482 995 3534 manserunt
1017 3473 1079 3533 dzi’-
1092 3473 1157 3535 illo.
1180 3473 1214 3536 hi
1230 3475 1349 3556 aliique

77 3607 101 3642 30
110 3581 196 3642 tales
232 3579 358 3660 gratiae
388 3589 464 3640 tuae
496 3588 706 3660 susceptores
732 3587 764 3640 et
788 3579 964 3641 dilectores
988 3581 1053 3641 suis
1077 3582 1273 3663 imperitiam
1296 3571 1351 3644 no-

109 3697 218 3750 stram
233 3688 405 3748 'instruant
429 3687 570 3760 monitis,
595 3687 754 3748 desidiam
779 3689 937 3749 suscitent
961 3687 1132 3770 exemplis,
1157 3698 1193 3750 ut
1215 3690 1350 3751 tandem

108 3794 295 3877 aliquando
319 3795 418 3856 etiam
443 3813 462 3855 a
485 3795 580 3856 nobis
605 3795 704 3874 digne
729 3789 923 3876 suscipiaris,
948 3797 1156 3858 conuenienti
1180 3797 1349 3858 mansione

108 3903 305 3976 honoreris
337 3902 412 3982 quia
445 3911 478 3962 te
503 3901 608 3964 solum
634 3902 731 3964 decet
756 3903 862 3963 omnis
886 3901 993 3964 bonor
1015 3911 1050 3964 et
1073 3903 1178 3984 gloria
1199 3924 1262 3985 -per
1285 3902 1352 3964 infi-

108 4012 182 4073 nita
209 4008 350 4071 saecula.
397 4008 538 4071 Amen
588 4039 590 4047 v

171 4155 249 4212 ’3.
270 4149 344 4200 Pr'ou2
365 4150 389 4212 8,
413 4150 549 4214 12.—8.
571 4150 628 4214 Sap.
653 4163 673 4211 1,
696 4132 834 4215 5.-19'.
856 4127 919 4201 nar.
940 4151 964 4214 8,
985 4126 1351 4214 20ss-26.Ps.47‚'10.-

111 4231 375 4308 29··J0·1‚ss'·'''
799 4249 803 4265 ¹
916 4243 926 4258 ”
1019 4241 1022 4244 ’
1334 4251 1336 4255 ·
