3167 5025
267 301 329 366 ¹30

265 487 395 564 quoque
420 481 591 544 Modestus
616 489 713 563 atque
738 479 927 544 Crescentia
949 481 1106 544 indiuidui
1135 483 1274 544 comites
1305 484 1333 543 ei
1364 483 1492 564 ubique

265 589 432 652 affuerunt.
471 609 610 671 eumque
640 589 781 652 Romam
820 589 1060 672 peruenissent,
1098 589 1252 655 militibus
1288 610 1493 674 prosperum

264 697 459 764 commissae
483 696 543 759 sibi
565 695 739 778 legationis
763 696 917 759 effectum
940 698 1130 780 imperatori
1152 697 1385 772 nuntiantibus,
1412 699 1495 780 ipso

265 805 397 868 iubente
427 825 488 888 pro
519 803 670 868 tribunali
699 803 877 867 tirunculus
901 802 1021 868 Christi
1044 825 1119 868 cum
1142 806 1239 868 sociis
1263 813 1314 867 est
1336 824 1496 889 praesen·

265 921 361 975 tatus.
394 932 492 996 quem
522 919 615 974 tanta
638 911 728 974 Deus
759 910 948 994 perfuderat
972 913 1093 994 gratia,
1125 921 1160 975 ut
1183 923 1307 995 quanto
1330 914 1526 975 uirtutums
1571 967 1572 989 ,

266 1019 385 1083 decore
410 1028 580 1082 ornaretur
603 1020 805 1093 intrinsecus
829 1018 918 1082 uelut
941 1020 974 1082 in
996 1019 1132 1103 speculo
1156 1021 1301 1103 quodam
1324 1022 1401 1104 ipsa
1423 1042 1494 1084 cor·

266 1129 355 1210 poris
379 1128 447 1190 eius
469 1125 576 1189 forma
599 1127 790 1189 ostenderet
813 1126 1021 1189 intuentibus.
1045 1147 1122 1189 narn
1146 1128 1254 1190 uultus
1277 1129 1382 1212 ipsius
1399 1132 1495 1212 quasi
1571 1118 1572 1181 Ϊ

266 1233 392 1316 fulgore
424 1235 523 1316 igneo
553 1233 724 1309 rutilabat,
755 1233 841 1298 oculi
871 1254 951 1296 uero
974 1243 1142 1316 tamquam
1166 1233 1244 1298 solis
1268 1236 1351 1299 radii
1375 1239 1494 1301 emica-

266 1345 355 1408 bant.
387 1362 485 1426 quam
516 1343 585 1405 eius
616 1343 760 1425 speciem
791 1343 971 1424 imperator
1001 1342 1196 1406 admiratus:
1227 1352 1262 1406 tu
1294 1365 1347 1420 es,
1378 1347 1494 1427 inquit,

268 1471 365 1535 quem
390 1449 587 1532 quaerebam
611 1447 729 1512 Vitus?
759 1449 833 1532 ipso
864 1456 974 1511 autem
1004 1448 1128 1512 nullum
1158 1450 1257 1513 dante
1284 1471 1493 1534 responsum,
1503 1475 1527 1500 10

268 1579 446 1624 conuersus
477 1558 519 1620 ad
550 1557 684 1621 beatum
708 1556 897 1619 Modestum
928 1565 1141 1639 percontatur
1164 1559 1263 1621 etiam
1286 1560 1407 1642 ipsum.
1439 1561 1491 1641 qui

268 1687 342 1730 cum
372 1665 546 1747 languidae
576 1664 755 1727 senectutis
785 1665 1034 1748 praepediretur
1063 1666 1292 1752 incommodo,
1323 1686 1368 1728 ne
1401 1668 1490 1729 inter·

267 1773 431 1855 rogationi
454 1772 522 1834 eius
547 1771 706 1853 expedito
729 1769 917 1833 satisfacere
940 1781 1055 1853 posset
1070 1791 1239 1855 respons0,
1262 1781 1343 1836 tunc
1360 1775 1484 1836 demum

267 1881 385 1944 beatus
407 1899 504 1962 puer,
528 1899 585 1941 cur
608 1879 714 1960 primo
738 1879 961 1960 interrogatus
983 1879 1185 1963 respondere
1207 1880 1370 1957 noluerit,
1396 1882 1478 1943 mani·

268 1987 391 2054 festans
422 1987 468 2048 ait
498 1984 720 2048 Diocletiano:
756 2005 855 2067 quem
885 1986 991 2069 prima
1020 1987 1235 2069 responsione
1265 1988 1502 2052 iudicastidi·1s

269 2095 432 2178 gniorem,
455 2111 594 2178 puerum
616 2100 811 2175 septennem
835 2112 877 2156 an
900 2101 1093 2176 prouectum
1116 2093 1250 2157 senem?
1273 2115 1390 2158 nonne
1413 2116 1479 2159 cano

270 2202 369 2284 capiti
399 2202 557 2275 maiorem
580 2209 613 2262 te
636 2201 854 2264 reuerentiam
881 2200 1037 2264 detulisse
1060 2210 1275 2277 conuenerat,
1305 2204 1340 2265 in
1366 2224 1410 2266 eo
1432 2223 1487 2266 ma·

270 2310 376 2384 xime,
408 2327 506 2392 quem
530 2309 628 2371 etiam
651 2327 806 2370 sensuum
829 2309 964 2370 canities
987 2307 1217 2371 commendat?
1249 2309 1291 2372 ad
1316 2329 1421 2392 quem
1442 2312 1489 2373 im·

270 2424 420 2501 perator:
452 2423 485 2478 et
516 2424 565 2491 te,
596 2415 657 2490 ait,
688 2413 896 2478 nihilominus
927 2415 1135 2479 considerare
1158 2424 1308 2500 oportet,
1339 2419 1423 2500 quid
1447 2419 1493 2480 cui
1571 2396 1572 2405 ἵ

271 2526 422 2609 loquaris
445 2545 488 2589 ne
511 2525 579 2587 sine
604 2523 794 2607 disciplinae
817 2531 968 2607 respectu
992 2533 1084 2587 tanta
1107 2532 1223 2588 contra
1242 2545 1304 2588 nos
1321 2525 1518 2591 uehemen-a

271 2637 318 2699 tia
340 2633 509 2697 monearis
543 2632 594 2695 cui
616 2631 733 2695 beatus
756 2631 853 2694 Vitus
875 2631 1063 2715 respondit:
1094 2633 1183 2715 quod
1207 2634 1292 2709 dixi,
1319 2634 1353 2696 in
1378 2634 1496 2718 simpli·

272 2746 371 2809 citate
402 2742 472 2805 dixi
503 2739 704 2816 columbina,
736 2739 882 2803 dictante
913 2741 1085 2823 aequitatis
1107 2743 1250 2818 ratione,
1279 2762 1348 2806 non
1373 2753 1495 2826 pertur-

272 2855 373 2917 bante
402 2850 577 2915 iracundia.
609 2849 766 2931 magister
789 2849 891 2925 enim,
923 2850 977 2931 qui
1007 2869 1069 2912 nos
1091 2850 1245 2928 instituit,
1276 2854 1496 2917 sectatoribus

272 2962 339 3025 suis
362 2958 541 3043 perfectam
564 2959 597 3021 in
620 2958 800 3040 semetipso
824 2966 892 3020 tam
915 2957 1117 3021 rectitudinis
1141 2977 1239 3041 quam
1262 2967 1296 3022 et
1311 2970 1496 3025 mansuetu·

273 3070 357 3138 dinis
381 3066 520 3130 formam
543 3064 702 3148 praebuit.
1503 3084 1520 3121 a

286 3188 287 3193 ’
379 3175 462 3258 Ipsis
495 3174 602 3237 taliter
633 3171 912 3255 colloquentibus,
943 3172 1085 3235 daemon
1116 3174 1260 3255 torqueri
1290 3194 1326 3236 se
1354 3196 1376 3238 a
1400 3176 1495 3239 beato

273 3284 354 3348 Vito
385 3281 593 3366 proclamans
623 3281 856 3363 imperatorem
883 3280 1006 3343 doloris
1029 3281 1095 3358 sui,
1125 3300 1224 3363 quem
1253 3302 1314 3365 pro
1348 3280 1420 3347 filio
1450 3283 1493 3345 ha·

275 3390 385 3467 bebat,
409 3390 620 3453 commonuit.
653 3388 707 3470 qui
730 3388 841 3451 mitius
863 3388 927 3450 iam
951 3397 1100 3451 sanctum
1123 3388 1212 3451 illum
1236 3388 1414 3471 alloquens
1436 3409 1489 3475 per·

276 3507 429 3563 contatur
443 3497 641 3580 suppliciter,
665 3497 807 3579 siquam
830 3495 1027 3579 periclitanti
1042 3495 1188 3560 conferre
1204 3498 1308 3580 possit
1325 3500 1485 3563 medelam
1568 3527 1569 3558 i

276 3616 310 3669 at
332 3604 401 3669 ille:
425 3624 493 3669 non
515 3603 588 3681 hoc,
611 3605 722 3687 inquit,
746 3603 910 3668 humanae
932 3604 1158 3688 possibilitatis
1181 3605 1240 3668 sed
1264 3605 1400 3671 diuinae
1422 3624 1518 3691 opusu
1568 3657 1570 3706 q

276 3723 326 3777 est
342 3713 477 3775 uirtutis.
501 3732 562 3775 nec
577 3712 671 3795 plura
686 3711 815 3775 locutus
838 3714 973 3796 propius
990 3713 1137 3789 accessit,
1160 3733 1359 3796 manumque
1376 3722 1493 3779 uexato

275 3821 441 3903 imposuit,
464 3822 628 3904 imperans
652 3820 813 3895 daemoni,
837 3799 873 3883 ut
895 3820 1066 3886 recederet
1087 3821 1317 3902 quantociusa
1337 3820 1494 3904 plasmate
1567 3821 1568 3826 ’

276 3929 347 3991 Dei.
379 3930 434 4010 qui
465 3930 620 3993 continuo
643 3929 758 3991 exiens
780 3948 849 3992 non
872 3936 982 3991 tamen
1005 3930 1075 3992 sine
1098 3928 1242 3991 uindicta
1263 3928 1401 3993 iniuriae
1424 3947 1495 3993 suae

277 4037 435 4103 abscessit
441 4058 448 4115 ;
472 4056 549 4100 nam
565 4057 639 4100 cum
655 4037 697 4101 in,
710 4045 860 4099 sanctum
876 4036 940 4098 Dei
962 4034 1006 4098 nil
1030 4035 1174 4113 auderet,
1196 4034 1318 4099 multos
1330 4038 1495 4119 gentilium

277 4146 429 4229 peremit,
447 4145 493 4208 ita
515 4152 551 4207 ut
574 4152 608 4207 et
631 4134 738 4225 ipsum
762 4142 1005 4207 Diocletianum
1028 4143 1144 4205 timore
1167 4146 1378 4207 concusserit.
1409 4147 1495 4225 isque
1503 4162 1523 4201 ss
1566 4155 1567 4214 t

277 4252 319 4318 ad
358 4252 523 4317 modicum
562 4250 706 4315 miraculi
745 4251 969 4334 magnitudine
1002 4250 1221 4334 stupefactuS,
1258 4271 1373 4314 uerum
1411 4249 1494 4315 nullo

278 4359 462 4423 deuotionis
493 4359 612 4422 affectu
643 4359 685 4422 ad
716 4359 862 4422 dandam
893 4358 967 4421 Deo
997 4357 1136 4441 gloriam
1174 4360 1354 4436 excitatus,
1393 4361 1494 4442 ipsum

268 4468 367 4531 'cuius
398 4467 520 4531 meritis
551 4466 678 4533 saluum
707 4474 879 4549 receperat
909 4464 1025 4543 filium,
1060 4487 1080 4531 a
1113 4468 1166 4531 uia
1199 4466 1312 4531 salutis
1347 4476 1493 4532 aeternae
1566 4509 1568 4522 .
