3167 5025
621 581 929 655 CAPlTVLVM
958 583 1099 655 XXIII.

574 738 670 797 Laus
694 755 714 797 a
738 746 984 800 consummata
1007 737 1145 799 iustitia.

352 889 492 957 Date'ci
512 894 552 956 de
566 897 682 975 fmctu
704 915 859 958 manuum
882 918 1034 959 arranem:
1057 895 1241 958 etlaudent
1261 891 1393 956 camin
1416 903 1500 974 por·
1578 881 1580 946 l

245 1000 288 1062 lis
309 1011 405 1082 opera
428 1001 504 1064 eius.

352 1108 506 1190 Expletis
537 1108 686 1171 laborum
725 1111 910 1192 praeconiis
949 1112 1194 1174 demonstratur
1234 1116 1531 1190 consequenters

246 1217 410 1279 certitudo
434 1217 713 1278 remunerationis.
738 1218 840 1299 ipsius
856 1227 966 1281 autem
983 1228 1059 1280 sunt
1073 1218 1251 1280 nouissima
1267 1216 1354 1278 haec
1371 1214 1497 1286 uerba,

183 1405 187 1416 Ι
246 1325 301 1406 qui
334 1331 367 1385 et
400 1343 500 1404 supra
532 1343 689 1405 sponsam
722 1345 814 1386 suam
848 1325 1040 1388 laudauerat
1073 1326 1201 1388 dicens:
1234 1323 1360 1387 multae
1383 1321 1498 1406 filiae

246 1440 517 1511 congregauemnt
545 1430 697 1503 driutius,
736 1441 771 1494 tu
800 1443 1004 1514 supergressa
1035 1454 1068 1494 es
1098 1433 1275 1495 renzicersas.
1316 1439 1398 1493 ante
1437 1439 1494 1490 tot

245 1538 358 1599 mundi
382 1539 613 1618 generationes
637 1539 783 1620 praedici
808 1538 920 1614 uoluit,
944 1539 1022 1620 quid
1042 1541 1074 1601 in
1092 1539 1344 1620 regeneratione
1362 1537 1491 1598 beatae

245 1645 319 1708 huic
351 1647 488 1727 martyri
518 1646 664 1708 dicturus
695 1647 746 1709 sit.
777 1645 867 1717 date,
899 1647 1018 1727 inquit,
1054 1647 1085 1708 ei
1113 1645 1152 1708 de
1174 1649 1291 1726 frucm
1322 1662 1522 1706 manurmr¹⁰

244 1774 387 1816 suanum.
419 1752 557 1833 angelos
589 1751 779 1834 alloquitur,
813 1753 868 1834 qui
891 1753 1024 1815 exz'bunt
1044 1763 1075 1816 et
1095 1751 1291 1835 separabunt
1313 1751 1421 1813 malos
1443 1748 1485 1810 de

245 1860 348 1922 medei}
372 1860 535 1932 fresionum,
560 1860 744 1941 gaudentes
768 1859 842 1922 illos
866 1861 898 1921 in
922 1858 1139 1923 hereditatem
1164 1879 1334 1922 assumere
1360 1857 1473 1928 salutis

245 1977 382 2051 propter
406 1987 490 2048 quos
513 1968 575 2049 ipsi
595 1967 863 2029 administratorii
880 1969 1012 2049 spiritus
1027 1967 1195 2048 quondam
1212 1967 1244 2028 in
1261 1965 1464 2027 ministerium

244 2074 373 2142 fuerant
396 2076 495 2136 missi.
519 2072 643 2136 fructus
667 2093 832 2149 manuum,
856 2075 912 2155 qui
936 2075 1006 2137 dari
1029 2077 1059 2136 ei
1082 2075 1289 2157 praecipitur,
1316 2074 1363 2134 de
1385 2088 1466 2152 supra

245 2184 342 2245 dictis
365 2183 528 2244 bonorum
553 2201 691 2263 operum
715 2180 894 2243 seminibus
919 2182 1122 2262 germinauit.
1147 2192 1177 2243 et
1198 2179 1336 2242 laudent
1359 2199 1429 2241 eam
1442 2177 1503 2237 iun

242 2290 345 2371 portis
367 2302 462 2370 opera
486 2289 561 2350 eius.
586 2288 708 2350 multae
733 2288 817 2350 filiae
844 2297 1087 2370 congregantes
1111 2289 1240 2351 diuitias
1257 2287 1479 2349 laudabantur
1579 2355 1580 2372 ἶ

244 2395 297 2460 hic
321 2396 363 2458 ab
388 2394 622 2470 adulatoribus
646 2395 728 2459 haec
752 2397 785 2457 in
809 2397 943 2458 introitu
968 2397 1060 2478 regni
1084 2396 1236 2458 laudatur
1252 2395 1294 2456 ab
1312 2392 1481 2476 operibus,
1579 2375 1580 2408 ἢ

244 2502 381 2566 feliciter
412 2501 553 2565 laudaris
584 2501 663 2564 felix
695 2512 822 2584 martyr
845 2502 1014 2578 Felicitas,
1045 2495 1384 2584 quae‘testimonium
1417 2521 1481 2563 non

245 2612 287 2673 ab
304 2632 361 2673 ore
385 2610 491 2672 solum
515 2611 574 2672 sed
600 2610 641 2672 ab
665 2630 767 2693 opere
791 2611 946 2685 meruisti,
970 2610 1249 2692 quemadmodum
1273 2617 1307 2670 et
1325 2611 1401 2691 ipse
1418 2609 1483 2670 Do·

244 2720 367 2792 minus,
399 2719 454 2798 qui
478 2718 633 2798 dignatur
655 2717 719 2778 dici
743 2717 792 2777 uir
815 2725 907 2793 tuus,
934 2717 1120 2779 incredulos
1144 2718 1186 2779 ad
1211 2715 1311 2779 fidem
1335 2717 1513 2778 inuitans20

245 2828 305 2888 ait:
337 2827 363 2887 si
387 2822 466 2886 mihi
488 2844 556 2886 non
581 2824 730 2898 creditiS,
757 2823 901 2903 operr'bus
923 2824 1047 2885 credite.
1071 2844 1148 2886 uere
1172 2822 1296 2885 fructus
1321 2842 1482 2885 manuum

244 2943 372 2995 tuarum
397 2941 465 2993 tam
488 2929 678 3012 praeclarus
702 2938 769 3003 est,
795 2938 831 2991 ut
854 2931 1123 3012 supergrediatur
1146 2929 1322 2992 multarum
1346 2930 1482 2992 diuitias

244 3038 389 3103 filiarum.
422 3038 523 3099 Anna
546 3038 635 3119 prius
659 3036 777 3097 sterilis
809 3037 867 3098 sed
899 3035 1107 3099 fecunditatis
1138 3038 1261 3099 donum
1294 3038 1481 3119 impetrans

244 3146 384 3209 lacrimis
415 3145 522 3206 solum
546 3142 732 3207 Samuelem
766 3142 841 3205 Deo
873 3143 1007 3205 deuouit
1039 3151 1072 3205 et
1100 3144 1234 3218 obtulit,
1266 3153 1301 3205 tu
1336 3142 1480 3206 fecunda

245 3262 350 3315 mater
372 3250 622 3335 septemplicem
647 3251 730 3312 uteri
754 3250 800 3311 tui
824 3248 964 3310 fructum
989 3251 1148 3331 martyrio
1172 3251 1343 3313 dedicasti.
1378 3252 1476 3313 uidua
1486 3272 1506 3307 25

243 3359 426 3440 alienigena
457 3367 608 3439 tempore
641 3355 734 3419 famis
758 3355 865 3417 Eliam
889 3356 1092 3437 pascendum
1116 3358 1260 3438 suscepit
1292 3358 1404 3438 magis
1435 3358 1471 3418 ab

243 3486 284 3527 eo
308 3466 490 3547 pascenda;
514 3473 550 3526 tu
574 3483 653 3525 uero
677 3483 743 3525 non
768 3462 952 3542 alienigena
974 3463 1033 3524 sed
1058 3464 1120 3524 Dei
1144 3464 1343 3539 domestica,
1367 3466 1464 3548 ipsum

244 3570 479 3655 prophetarum
518 3571 698 3632 Dominum
736 3568 846 3631 cordis
885 3569 932 3629 tui
974 3567 1194 3631 habitatorem
1233 3572 1471 3652 persecutionis
1577 3572 1578 3637 l

243 3688 393 3759 tempore
427 3676 592 3752 confessa,
631 3676 829 3739 indefectiua
861 3674 1041 3737 dulcedinis
1075 3676 1144 3738 eius
1177 3676 1329 3739 ubertate
1363 3679 1475 3741 satiari

244 3785 396 3845 meruisti.
429 3783 532 3846 altera
565 3784 663 3847 uidua
694 3804 755 3866 per
782 3783 948 3845 Elisaeum
982 3792 1196 3846 excrescente
1229 3783 1305 3846 oleo
1339 3786 1427 3849 duos
1458 3806 1510 3851 aro

243 3891 405 3953 creditore
429 3889 512 3952 filios
536 3891 691 3966 redemit,
724 3900 760 3953 tu
783 3911 844 3974 per
867 3889 1091 3972 septiformem
1115 3892 1220 3953 sancti
1244 3892 1378 3973 spiritus
1403 3914 1476 3974 gra·

243 3999 331 4070 tiam,
355 4017 439 4077 quae
464 3996 538 4057 oleo
563 3998 762 4079 designatur,
786 4007 916 4079 septem
940 4017 959 4058 a
982 3996 1138 4057 seruitute
1161 3999 1290 4079 peccati
1314 3998 1476 4062 liberatos

244 4103 317 4164 Deo
341 4103 508 4167 liberatori
531 4105 685 4168 obtulisti.
714 4104 827 4185 Judith
851 4105 950 4166 uidua
974 4103 1230 4184 alienigenarum
1253 4106 1374 4169 ducem
1403 4128 1475 4189 per·

243 4211 322 4271 emit
335 4210 558 4287 Holofemem,
583 4220 617 4273 tu
641 4212 835 4275 inuisibilem
860 4210 1068 4272 tenebrarum
1093 4212 1254 4293 superasti
1278 4206 1474 4296 principem.

352 4365 390 4401 12.
411 4355 473 4403 Mat.
498 4367 535 4416 13,
555 4370 598 4418 49.
618 4384 653 4390 —
676 4368 714 4415 14.
735 4356 815 4403 Hebr.
840 4367 860 4411 1,
885 4365 923 4411 ¹4·
944 4378 979 4386 —-
999 4361 1039 4397 21.
1059 4352 1432 4421 10.10,38.*-24.1.Reg.
1452 4371 1474 4407 1.
1574 4418 1575 4423 ¹

242 4466 277 4479 -·-
296 4452 336 4511 27.
358 4443 404 4490 111.
427 4445 489 4507 ueg.
515 4456 552 4506 17.
573 4472 607 4479 ω
628 4456 669 4504 31.
690 4444 735 4490 ll'.
757 4444 821 4505 Reg.
842 4457 866 4501 4.
890 4467 924 4473 -
945 4450 986 4498 34.
1007 4438 1093 4501 Judith
1118 4452 1155 4501 13,
