3167 5025
1218 223 1283 308 'try

51 440 161 482 suaue
185 418 291 483 laudis
314 421 383 484 eius
406 424 569 485 canticum
593 422 725 486 iubilare
750 425 911 499 meruerit,
935 445 1062 486 sursum
1082 425 1198 488 erectis
1215 445 1283 487 cor·

49 527 156 588 dibus
179 529 300 590 nostris
324 530 518 596 innotescat.

168 634 334 716 Quamdiu
358 638 444 699 enim
460 636 632 704 carnaliter
647 639 801 721 sapimus
824 636 901 702 nihil
919 657 1073 719 magnum
1088 638 1168 702 nihil
1182 639 1283 703 altum

51 743 98 804 de
134 752 326 807 sanctorum
357 743 462 826 gloria
492 723 612 807 sentire
643 765 827 828 possumus.
859 755 891 808 et
923 747 1000 827 quid
1032 748 1093 809 ait:
1112 768 1179 829 ‚ego
1205 769 1285 819 sum,

31 870 113 934 sego
136 871 211 914 sum
233 873 316 933 quoe
336 852 477 914 Domino
499 873 624 924 conam,
640 852 789 934 psallam
813 853 953 915 Domino
968 853 1036 915 Deo
1059 853 1186 915 lsrael?
1209 875 1305 922 uere,

61 971 96 1021 tu
118 980 157 1022 es
181 959 281 1021 beata
303 958 454 1022 Felicitas
479 970 584 1022 mater
605 961 638 1021 in
661 959 776 1034 Israel,
808 979 893 1040 quae
918 960 1062 1022 Domino
1093 981 1190 1022 canes
1214 981 1287 1023 can·

61 1069 161 1129 ticum
191 1065 403 1130 exultationis
426 1074 460 1132 et
480 1066 642 1142 laetitiae,
672 1087 714 1128 eo
736 1068 887 1130 nimirum
911 1066 1098 1148 specialiuS,
1130 1085 1196 1148 quo
1220 1067 1287 1149 glo·

58 1176 179 1236 riosius
210 1173 353 1256 reliquos
383 1195 613 1256 suprergressa
642 1193 679 1236 es
711 1182 874 1254 martyres
897 1175 929 1236 in
953 1173 1091 1238 filiorum
1119 1175 1287 1237 mortibus.

57 1290 139 1363 apte
165 1301 298 1363 quoque
322 1281 488 1344 laudando
504 1282 683 1345 Dominum
707 1283 786 1364 ipsis
810 1283 874 1344 tuis
895 1281 986 1344 dicas
1002 1275 1288 1357 collaudatoribus,

26 1407 50 1432 ¹⁰
58 1391 153 1470 quod
171 1388 331 1454 Debbora
353 1389 408 1452 illa
430 1391 462 1451 in
486 1392 615 1452 cantico
638 1409 705 1452 suo
722 1391 852 1451 dixerat
876 1389 1065 1452 uictoribus:
1089 1390 1288 1471 quiproprz'a
1320 1382 1325 1394 '

60 1496 229 1559 uoluntate
251 1496 408 1560 obtulistis
430 1517 487 1558 uos
508 1497 698 1569 discrimini,
722 1497 890 1559 benedicite
912 1495 1060 1558 Domino,
1092 1498 1232 1578 denique
1257 1505 1289 1558 et

59 1625 123 1666 nos
148 1605 193 1666 ad
218 1603 426 1668 recolendam
450 1605 597 1671 eiusdem
621 1605 725 1666 laudis
748 1605 956 1678 memoriam,
984 1623 1083 1684 quam
1106 1603 1167 1665 illis
1190 1604 1290 1666 credi·

60 1733 136 1774 mus
162 1711 361 1787 continuam,
384 1711 574 1793 psalmistae
597 1733 714 1775 uocem
738 1731 951 1786 assumamus,
975 1714 1173 1792 nostraeque
1193 1711 1291 1773 deuo·

59 1819 163 1882 tionis
198 1819 354 1881 affectum
387 1819 448 1881 illis
483 1820 669 1882 coadunare
700 1819 927 1881 desideremus
962 1818 1126 1880 dicentes:
1160 1818 1292 1880 laudate

33 1927 159 2009 spueri
178 1926 373 1999 Dominum,
404 1927 537 1989 laudate
559 1947 670 1988 nomen
693 1926 836 1989 Domini.
869 1926 986 2006 quibus
1010 1925 1118 1986 uerbis
1150 1945 1224 1987 cum
1249 1925 1291 1986 ad

63 2035 269 2098 laudandum
292 2054 360 2110 ene,
383 2035 437 2114 qui
461 2034 594 2096 laudare
617 2053 796 2114 numquam
820 2035 981 2107 desinunt,
1005 2030 1170 2094 cohortari
1187 2032 1292 2095 uidea-

68 2164 154 2219 mur,
185 2143 411 2224 nosmetlpsos
442 2144 552 2224 potius
576 2143 775 2215 excitamuS,
807 2149 843 2202 ut
852 2169 856 2184 v·
866 2141 908 2202 ad
932 2141 1060 2201 diuinae
1085 2139 1188 2202 laudis
1212 2139 1293 2201 desi·

75 2252 194 2313 derium
227 2251 374 2332 ipsorum
405 2249 566 2332 exemplis
596 2250 788 2312 imbuamur.
820 2249 880 2310 sed
912 2257 945 2310 et
976 2249 1133 2330 pueritiae
1161 2247 1293 2309 nomine

78 2358 288 2441 simplicitatis
326 2367 360 2420 et
397 2357 587 2420 humilitatis
625 2376 739 2418 eorum
773 2358 950 2439 puritatem
988 2363 1294 2429 commemorantes

43 2484 67 2508 20
75 2467 211 2548 qualiter
234 2467 301 2529 uita
331 2467 437 2547 magis
460 2485 558 2547 quam
582 2464 692 2547 lingua
722 2463 857 2529 iubilare
880 2483 941 2525 nos
965 2470 1119 2545 oporteat
1142 2463 1295 2525 admone·

72 2596 151 2637 mur.
181 2574 336 2655 equidem
359 2573 499 2655 plurima
528 2582 613 2649 sunt,
643 2592 729 2654 quae
751 2572 794 2634 de
818 2586 932 2633 eorum
956 2570 1060 2651 gloria
1084 2570 1125 2632 ad
1149 2568 1295 2632 aedifica·

75 2684 195 2744 tionem
226 2678 369 2744 fidelium
383 2737 387 2745 ,
401 2680 613 2762 replicentur,
647 2681 703 2761 qui
735 2688 768 2741 et
800 2680 886 2741 uitae
905 2678 1042 2739 meritis
1074 2686 1106 2737 et
1138 2677 1295 2739 effusione

81 2790 208 2871 pretiosi
237 2788 405 2870 sanguinis
435 2787 607 2849 ecclesiam
639 2785 760 2849 Christi
776 2784 981 2848 'aedificasse
1013 2783 1197 2846 creduntur.
1236 2784 1295 2845 sed

80 2907 136 2959 tua
161 2905 235 2959 sunt
262 2896 348 2959 ‘haec
366 2895 515 2958 'Domine
536 2894 626 2969 Iesu,
657 2894 715 2975 qui
742 2915 775 2955 es
804 2894 892 2955 testis
906 2892 1039 2975 fideles,
1063 2890 1297 2973 pnlnogenitns

46 3017 68 3051 ²⁵
75 3014 283 3077 monueram,
306 3014 337 3066 et
351 3002 502 3085 pn'nceps
523 3011 633 3084 'regum
656 3011 772 3073 terroe,
801 3002 856 3081 qui
879 3008 1036 3082 operatus
1059 2998 1098 3061 es'
1119 3000 1151 3061 in
1174 2999 1237 3072 eiS,
1261 3002 1297 3058 ut

69 3113 214 3196 operarii
237 3109 479 3174 inconfusibiles
503 3127 575 3172 esse
598 3117 752 3192 possent;
775 3106 967 3189 glorificasti
991 3126 1065 3180 em,
1090 3115 1125 3168 ut
1148 3106 1207 3168 tibi
1230 3104 1297 3185 glo·

65 3224 151 3284 riam
177 3219 303 3294 darent,
327 3226 426 3299 quem
448 3218 569 3281 mortui
592 3237 659 3279 non
682 3216 826 3290 laudant,
850 3216 909 3276 sed
933 3215 1083 3276 uiuentes
1099 3212 1297 3275 benedicunt

66 3330 241 3392 uiuentem
263 3327 296 3387 in
319 3323 456 3387 saecula.
488 3332 524 3385 tu
547 3332 657 3399 autem
681 3323 768 3385 idem
793 3323 878 3403 ipse,
903 3322 959 3402 qui
982 3319 1182 3401 glorificatus
1206 3339 1242 3379 es
1265 3318 1298 3379 ln

65 3437 141 3510 illis,
169 3454 310 3514 magnus
332 3433 484 3495 nimirum
508 3432 540 3493 in
563 3432 696 3511 magnis·
714 3428 925 3510 magnificare
949 3429 1039 3489 etin
1063 3427 1158 3489 nobis
1182 3426 1299 3507 glorio·

38 3564 58 3599 ³0
66 3547 139 3607 sius
173 3542 287 3621 utique
315 3542 348 3602 in
375 3539 541 3612 minimi3,‘
561 3537 808 3601 coruscantibus
832 3556 893 3597 nos
917 3554 1112 3615 magnorum
1135 3534 1299 3595 instruens

66 3647 239 3730 exemplis
263 3655 295 3709 et
319 3648 467 3716 muniens
490 3644 668 3726 suffragiu,
700 3653 736 3707 ut
758 3664 834 3707 cum
857 3643 936 3725 ipsis
960 3640 1130 3703 laudemus
1155 3646 1189 3703 et
1212 3660 1299 3721 mag⁶

66 3758 245 3823 nificemus
269 3766 397 3816 nomen
428 3763 517 3815 tuum
539 3751 759 3816 'benedictum
790 3770 850 3833 per
881 3748 1004 3811 infinita
1037 3748 1167 3811 saecula
1190 3770 1299 3811 saecu-

67 3867 192 3930 lorum.
238 3860 356 3924 Amen.
520 3871 522 3873 ’

133 4025 136 4029 ⁴
187 4015 210 4068 5.
230 4004 308 4053 Iudic.
330 3977 451 4066 spas-
473 3975 512 4050 rr
529 3978 611 4051 ludio.
633 3976 700 4065 5¹9.
720 4026 755 4035 -—
777 4010 816 4065 15.
837 3968 1109 4063 Ps.·112‚¹1.—-25.
1129 3998 1210 4061 Apoc.
1234 4008 1254 4058 1,
1276 4006 1298 4061 5.
