3167 5025
269 253 310 322 92

270 441 372 504 stolas
396 441 566 505 doctrinae
582 441 634 504 uel
650 436 841 524 disciplinae
865 457 937 506 sese
954 437 1120 524 accepisse
1140 438 1289 517 insinuat,
1312 435 1389 504 dum
1408 435 1505 520 quin·

270 570 334 631 que
350 549 459 612 uerbis
479 549 578 632 plena
600 549 753 613 uidelicet
776 548 988 632 pentateuchi
1011 549 1226 632 intelligentia
1249 549 1338 630 loqui
1361 569 1396 610 se
1416 546 1505 610 uelle

269 659 302 720 in
326 657 464 720 ecclesia
486 657 653 739 gloriatur.
677 657 780 740 liquet
804 679 885 741 ergo
909 660 999 740 quod
1024 667 1057 722 et
1081 660 1113 722 in
1129 659 1228 722 beata
1244 656 1417 720 Felicitate
1438 657 1503 716 uen'
1569 643 1570 647 ¹

265 764 389 848 Joseph
420 766 584 828 redundat
607 764 844 842 munificentia,
877 787 961 848 quae
985 776 1053 828 tarn
1081 767 1224 849 quinque
1248 763 1341 828 stolis
1365 763 1501 846 optimis
1573 761 1574 766 ’

270 893 369 954 quam
399 872 530 954 reliquis
562 871 795 936 charismatum
827 874 988 939 exuberat
1016 875 1119 938 donis,
1151 872 1276 958 duplex
1300 881 1414 934 autem
1442 869 1529 932 hocs
1571 873 1572 876 ’

270 981 506 1055 indumentum,
529 979 690 1044 fortitudo
714 980 838 1044 scilicet
862 991 895 1044 et
918 983 1029 1057 decor,
1052 981 1173 1064 duplici
1197 1002 1241 1044 ex
1265 1000 1365 1043 causa
1388 977 1456 1040 fuit
1480 977 1509 1038 ei

271 1089 500 1151 necessarium.
524 1089 594 1168 regi
618 1086 750 1151 caelesti
773 1089 976 1171 desponsata
1003 1097 1089 1164 erat,
1119 1087 1162 1152 ad
1186 1089 1276 1151 cuius
1301 1095 1416 1150 castos
1442 1103 1508 1146 am·
1573 1113 1574 1146 3

269 1195 389 1278 plexus
413 1196 585 1277 peruenire
608 1196 802 1258 omnimodo
826 1196 1010 1279 satagebat.
1043 1197 1212 1279 multiplici
1234 1215 1315 1276 ergo
1343 1195 1507 1256 uirtutum

271 1304 391 1366 decore
416 1322 499 1385 opus
522 1301 683 1377 habebat,
706 1304 776 1365 sine
801 1323 867 1384 quo
891 1325 951 1366 rex
975 1304 1007 1366 in
1033 1305 1152 1366 decore
1177 1323 1253 1378 su0,
1277 1303 1310 1364 in
1334 1323 1431 1384 quem
1457 1299 1507 1362 de·

268 1409 415 1474 siderant
435 1408 546 1491 angeli
560 1410 752 1492 prospicere,
777 1409 961 1474 nullatenus
985 1411 1156 1474 uidebitur.
1180 1429 1241 1472 rex
1265 1418 1379 1472 autem
1404 1418 1537 1470 terre-10

270 1538 340 1592 nuS,
364 1518 594 1601 supradictus
618 1517 742 1581 scilicet
766 1518 965 1593 Antoninus
988 1518 1160 1582 idolatriae
1181 1518 1394 1598 omniumque
1412 1517 1506 1578 uitio

271 1645 343 1689 rum
366 1625 519 1688 sordibus
542 1624 723 1699 inuolutus,
746 1626 889 1707 ideoque
914 1626 1069 1688 uirtutum
1094 1625 1220 1688 auctori
1242 1624 1439 1698 contrarius
1463 1623 1503 1684 ab
1574 1641 1575 1686 t

270 1732 355 1795 illius
377 1731 443 1796 fide
466 1752 504 1793 ac
528 1732 716 1794 sinceritate
740 1731 940 1794 blandiendo
971 1731 1023 1794 uel
1047 1733 1201 1794 terrendo
1225 1750 1381 1815 separare
1415 1729 1501 1792 illam

270 1840 502 1904 contendebat.
527 1849 651 1921 quanta
667 1841 766 1921 igitur
779 1841 982 1923 opponenda
997 1849 1067 1902 erat
1083 1839 1251 1916 sortitud0,
1273 1860 1360 1921 quae
1378 1839 1495 1920 regiam

270 1954 480 2031 potestatem,
504 1945 697 2030 pontificum
719 1948 973 2022 accusationem,
996 1947 1139 2010 iudicum
1155 1947 1379 2021 seueritatem,
1403 1947 1489 2008 totius
1499 1973 1519 2007 ιε
1575 1995 1576 2016 ,

270 2057 382 2119 mundi
405 2055 628 2137 uoluptatem,
657 2054 797 2119 filiorum
822 2055 976 2118 affectum
999 2055 1199 2130 naturalem,
1228 2057 1334 2138 ipsam
1360 2055 1485 2135 denique

270 2165 372 2228 uitam
396 2172 430 2226 et
456 2170 596 2225 mortem
621 2171 849 2226 contemneret
873 2184 912 2236 ac
936 2171 1115 2245 superaret,
1146 2183 1185 2226 ac
1209 2162 1251 2225 de
1274 2161 1324 2224 his
1348 2163 1491 2226 omnibus

270 2269 441 2333 moriendo
464 2269 701 2353 triumpharet?

378 2376 477 2440 Vnde
509 2398 576 2440 non
607 2386 785 2459 utcumque
817 2377 1006 2442 fortitudine
1037 2377 1100 2441 hac
1131 2386 1165 2440 et
1195 2379 1316 2442 decore
1339 2377 1501 2450 utebatur,

271 2486 331 2549 sed
356 2484 447 2550 uelut
468 2486 663 2549 indumento
686 2486 832 2569 quodam
856 2487 902 2551 ita
925 2507 968 2550 ex
992 2487 1081 2550 omni
1104 2494 1199 2569 parte
1230 2486 1350 2551 amicta
1383 2493 1419 2549 et
1451 2485 1528 2549 cir-2o
1576 2515 1577 2591 p

272 2593 428 2657 cumdata
452 2603 531 2670 erat,
555 2603 591 2658 ut
614 2615 676 2659 nec
700 2596 887 2677 speciosum
911 2594 1000 2657 illurn
1024 2594 1129 2658 forma
1148 2616 1227 2677 prae
1243 2593 1315 2658 filiis
1331 2593 1503 2657 hominum
1576 2602 1577 2679 l

270 2723 315 2765 ex
349 2701 414 2765 ulla
437 2702 566 2765 decoris
590 2702 792 2784 negligentia
816 2701 1015 2777 offenderet,
1049 2722 1109 2765 nec
1133 2703 1203 2784 regi
1226 2710 1357 2765 terreno
1384 2701 1440 2765 uel
1465 2700 1502 2762 ad
1576 2684 1577 2713 ³

270 2816 477 2873 momentum
508 2830 553 2871 ex
577 2808 687 2890 aliquo
711 2809 909 2872 fortitudinis
933 2808 1064 2873 defectu
1089 2810 1229 2871 cederet.
1261 2808 1389 2871 sciebat
1417 2810 1502 2871 enim

270 2917 400 2980 duobus
423 2916 565 2979 dominis
588 2917 752 2979 neminem
776 2917 898 2978 seruire
922 2936 1030 2998 posse,
1058 2916 1117 2978 sed
1142 2925 1198 2978 aut
1221 2936 1321 2981 unum
1345 2916 1428 2981 odio
1455 2916 1503 2977 ha·

270 3026 415 3089 bendum
460 3032 494 3085 et
537 3023 675 3085 alterum
718 3023 937 3104 diligendum,
973 3032 1029 3086 aut
1063 3044 1162 3087 unum
1198 3024 1429 3087 sustinendum
1475 3032 1527 3084 eru
1576 3002 1577 3027 ³

269 3132 408 3195 alterum
440 3132 726 3194 contemnendum.
759 3139 944 3213 quocontra
978 3131 1044 3207 his,
1076 3132 1132 3213 qui
1163 3131 1342 3215 diploidem
1379 3130 1502 3193 fortitu·

269 3239 354 3301 dinis
378 3246 412 3300 et
436 3239 566 3301 decoris
590 3237 775 3301 discindere
799 3247 832 3299 et
857 3237 898 3299 ab
922 3238 1062 3300 inuicem
1086 3258 1238 3319 separare
1262 3239 1420 3312 nituntur,
1448 3258 1500 3321 per

269 3344 468 3427 prophetam
485 3346 647 3409 Dominus
664 3346 847 3428 exprobrat
864 3346 993 3407 dicens:
1017 3355 1261 3427 coangustatum
1284 3355 1332 3408 est
1352 3356 1494 3413 stratam,

270 3454 317 3515 ita
342 3463 380 3515 ut
400 3451 484 3514 alter
505 3452 652 3527 decidat,·
674 3464 706 3515 et
720 3453 866 3535 palliam
889 3451 979 3515 breue
998 3462 1166 3535 utramque
1181 3452 1300 3535 open're
1316 3473 1379 3515 eron
1389 3460 1491 3535 potest.

270 3568 345 3623 sunt
376 3560 463 3623 enim
494 3560 550 3641 qui
580 3560 702 3623 decore
733 3560 810 3623 fidei
843 3569 877 3623 et
907 3560 1112 3641 quarundam
1144 3561 1299 3623 uirtutum
1331 3560 1378 3623 ita
1404 3558 1525 3623 uelatis

270 3666 379 3741 uelint,
403 3675 439 3728 ut
463 3674 574 3730 tamen
598 3666 823 3730 fortitudinem
847 3686 915 3729 non
938 3666 1084 3743 induant,
1108 3667 1208 3730 idest
1229 3667 1419 3731 aduersario
1438 3686 1503 3731 non

270 3775 401 3857 penitus
432 3782 634 3856 repugnent,
666 3775 725 3837 sed
756 3776 790 3837 in
821 3774 1018 3856 quibusdam
1050 3776 1213 3837 eneruiter
1235 3776 1449 3838 consentiant
1474 3782 1504 3837 et

271 3880 495 3943 succumbant.
530 3879 593 3943 hos
625 3901 707 3962 ergo
739 3882 942 3963 redarguens
975 3879 1136 3943 Dominus
1170 3878 1367 3963 metaphora
1402 3884 1505 3945 utitur

271 3988 378 4051 mariti
408 3988 625 4071 pudicissimi,
656 3988 712 4069 qui
741 3987 909 4052 adulterae
933 3988 1022 4051 dicat
1045 3988 1157 4049 uxori:
1189 3998 1434 4071 coangustatum
1461 4000 1508 4053 est

269 4105 423 4169 stratum,
454 4096 487 4158 id
519 4104 569 4158 est
601 4115 685 4157 unus
715 4095 854 4159 lectulus
886 4116 939 4158 me
971 4104 1005 4157 et
1039 4093 1223 4159 adulterum
1246 4104 1356 4159 tecum
1381 4117 1506 4179 capere
1517 4123 1536 4160 u

270 4222 337 4264 non
353 4212 474 4285 potest,
497 4203 556 4265 sed
573 4222 673 4265 unum
697 4222 715 4267 e
738 4204 835 4266 nobis
851 4203 1004 4267 decidere
1029 4212 1171 4285 oportet,
1195 4213 1228 4267 et
1244 4202 1378 4286 pallium
1400 4204 1506 4269 breue

380 4356 419 4394 ιο.
440 4346 460 4394 Ι.
481 4346 547 4394 Petr.
572 4357 592 4404 1,
616 4356 654 4392 12.
674 4372 710 4381 -
729 4358 771 4393 21.
791 4345 866 4394 Conf.
887 4346 927 4395 Ps.
947 4360 990 4408 44,
1012 4358 1036 4407 3.
1055 4374 1091 4382 —-
1111 4343 1151 4395 26.
1172 4345 1246 4395 Conl.
1268 4346 1330 4395 Mat.
1351 4342 1376 4408 b,
1398 4358 1442 4409 24.
1472 4376 1507 4383 -

290 4449 314 4499 9.
335 4433 370 4498 Js.
392 4433 433 4495 28,
454 4446 496 4481 20.
