3167 5025
1287 264 1326 329 61

90 474 180 528 sunt
203 465 389 547 praedicta,
419 466 453 527 in
477 486 511 526 se
536 464 635 526 docet
659 464 845 547 adimpleta.
878 464 993 546 procul
1017 466 1058 527 ab
1083 464 1146 526 hoc
1175 464 1332 526 cenaculo

84 574 235 655 Judaica
255 572 423 655 repellitur
439 571 662 653 intelligentia,
686 571 814 634 litterae
830 580 958 635 tantum
973 572 1144 655 superficie
1160 580 1331 648 contenta3

88 680 218 765 procul
263 681 363 743 etiam
408 678 554 741 animalis
595 678 712 753 homn,
756 678 833 741 licet
874 690 1085 762 regeneratus
1124 680 1331 763 baptismatis

90 795 328 864 sacramento,
359 788 414 869 qui
445 806 654 868 nequaquam
677 786 822 849 baiulum
850 808 971 869 aquae,
1001 789 1034 850 id
1059 786 1109 851 est
1132 808 1331 870 praeconem

70 898 230 979 sgratiae
262 897 424 977 sequitur,
457 904 492 957 ut
517 894 561 957 ad
583 895 719 957 domum
743 897 965 958 conscientiae
979 905 1186 970 reuertatur,
1215 895 1275 957 sed
1300 897 1332 957 in

95 1008 164 1068 imo
202 1005 324 1067 terreni
348 1024 463 1066 sensus
487 1023 563 1065 cum
581 1002 714 1083 Judaeis
737 1002 865 1065 Pascha
888 1003 1054 1067 celebrare
1078 1013 1223 1067 conatur.
1253 1001 1332 1064 felix

95 1122 214 1175 autem
250 1111 314 1174 loci
348 1110 443 1173 huius
478 1131 668 1194 possessor,
702 1111 884 1192 sapientiae
916 1112 1069 1175 uidelicet
1104 1132 1143 1175 ac
1178 1111 1332 1173 scientiae

97 1220 251 1301 prudens
274 1220 507 1299 inuestigator,
532 1226 565 1280 et
588 1216 707 1281 efficax
732 1227 918 1293 assecutor,
948 1219 1087 1281 idoneus
1110 1220 1243 1280 Domini
1267 1240 1333 1281 sus·

101 1336 236 1409 ceptor,
266 1328 322 1407 qui
351 1325 441 1387 uelut
469 1327 501 1388 in
530 1325 660 1388 sublimi
689 1324 863 1401 cenaculo,
893 1325 1041 1388 debitum
1068 1328 1098 1388 ei
1121 1327 1261 1389 conuiuii
1284 1327 1333 1387 sui

70 1434 300 1515 100bsequium
324 1434 357 1495 in
381 1434 499 1497 mentis
522 1432 679 1496 exhibeat
701 1432 832 1495 solario.
861 1434 986 1497 utinam
1009 1443 1044 1495 et
1067 1433 1145 1496 mihi
1168 1432 1244 1495 licet
1268 1452 1333 1495 om·

97 1544 193 1605 nium
227 1541 344 1603 ultimo
377 1542 419 1603 ad
451 1540 545 1603 huius
579 1540 724 1604 cenaculi
748 1540 836 1603 iores
868 1541 1034 1603 excubare
1066 1540 1177 1618 liceat;
1210 1541 1333 1602 utinam

97 1652 279 1714 miserator
313 1659 347 1711 et
381 1650 565 1713 misericors
600 1648 762 1712 Dominus
800 1648 947 1711 residuas
982 1669 1084 1711 cenae
1107 1650 1197 1711 'suae
1232 1649 1333 1710 micas

98 1759 306 1821 mendicanti
322 1756 399 1819 mihi
415 1756 592 1839 indulgeat.
613 1757 714 1819 timeo
731 1758 818 1819 enim
834 1756 993 1820 terribiles
1010 1756 1081 1819 illas
1096 1755 1332 1840 prophetarum

98 1867 300 1941 sententiae,
334 1864 451 1945 quibus
481 1865 612 1927 desides
642 1874 676 1927 et
704 1866 873 1947 imperitas
903 1865 948 1927 ob
980 1864 1125 1946 inopiam
1158 1862 1333 1946 spiritualis

66 1974 261 2039 1sscientiae
295 1973 458 2054 castigant
489 1974 622 2035 animas,
663 1973 707 2035 ait
741 1974 829 2035 enirn
859 1971 982 2036 Oseae:
1021 1972 1172 2034 conticuit
1193 1970 1334 2053 popcclus

100 2104 197 2155 incus,
222 2102 258 2143 eo
282 2080 370 2162 quod
390 2100 452 2141 non
475 2080 624 2142 habuerit
645 2080 820 2143 scientiam.
844 2089 878 2142 et
900 2100 942 2142 ne
966 2081 1073 2142 minus
1096 2079 1224 2143 multati
1247 2079 1333 2141 uide·

106 2199 213 2253 rentur
238 2189 346 2251 noxio
369 2187 512 2263 silentio,
544 2197 698 2270 essetque
721 2209 799 2271 spes
822 2188 931 2271 aliqua
954 2188 996 2251 de
1019 2188 1159 2271 reliquo,
1192 2188 1334 2269 grauiori

113 2298 213 2360 statim
231 2295 422 2379 plectuntur
437 2296 565 2359 iudicio.
590 2298 737 2377 sequitur
753 2298 839 2359 enim
863 2316 908 2358 ex
924 2293 1209 2359 animaduersione
1225 2296 1334 2357 diuina

112 2405 285 2468 districtior
309 2404 486 2466 sententia:
511 2404 588 2485 quia
613 2414 655 2475 tn,
679 2404 791 2485 inquit,
815 2404 981 2466 scientiam
1005 2404 1158 2486 repulisti,
1182 2402 1334 2484 repellam

79 2524 137 2575 20te
164 2525 194 2576 et
224 2534 296 2595 ege,
329 2533 366 2574 ne
397 2510 574 2574 sacerdotio
598 2513 759 2594 fungaris
790 2510 881 2574 milti.
914 2532 991 2574 nam
1018 2514 1095 2593 quia
1118 2513 1228 2574 diuina
1260 2510 1334 2592 lege

113 2624 267 2684 sancitum
292 2629 352 2695 est,
380 2629 415 2682 ut
439 2619 525 2682 labia
548 2620 730 2683 sacerdotis
754 2619 943 2682 custodiant
965 2621 1144 2694 scientiam,
1169 2628 1203 2682 et
1226 2618 1334 2700 legem

118 2729 273 2809 requirant
289 2749 334 2790 ex
351 2749 408 2790 ore
431 2729 509 2799 eiua,
533 2729 606 2810 ipso
630 2729 801 2791 scientiam
825 2727 1014 2810 repellente,
1038 2729 1116 2809 quid
1139 2735 1250 2801 restat,
1273 2728 1334 2788 nisi

122 2845 154 2897 ut
182 2857 201 2896 a
226 2836 330 2918 gradu
361 2835 538 2918 repellatur
568 2835 759 2910 sacerdotii,
792 2837 847 2916 qui
878 2835 1019 2918 gratiam
1051 2837 1100 2898 sui
1129 2856 1196 2898 non
1220 2834 1334 2916 implet

118 2943 295 3006 ministerii?
325 2941 427 3005 isaias
451 2963 530 3006 uero
555 2942 657 3005 multo
681 2941 731 3004 his
759 2945 927 3024 grauiora,
958 2944 1059 3006 immo
1090 2943 1269 3007 nouissima
1301 2953 1335 3007 et

78 3081 100 3117 2⁵
111 3053 318 3114 acerbissima
349 3051 494 3112 omnium
526 3049 627 3124 mala,
662 3052 862 3132 captiuitatis
897 3050 1021 3113 scilicet
1055 3049 1149 3113 famis
1184 3071 1223 3113 ac
1256 3053 1335 3127 sitis,

106 3158 231 3242 populo
256 3178 317 3220 suo
342 3178 403 3240 pro
427 3158 583 3243 scientiae
606 3149 736 3220 delectu
762 3158 920 3220 accidisse
944 3168 1191 3233 commemorat,
1215 3180 1299 3240 quae
1316 3180 1336 3221 a

105 3267 201 3330 nobis
233 3267 345 3328 diuina
375 3267 482 3348 pietas
513 3265 690 3328 clementer
722 3268 858 3327 auertat.
893 3266 939 3326 ait
974 3267 1059 3327 enim
1093 3268 1179 3328 inter
1209 3276 1334 3330 cetera:

96 3385 271 3458 propterca
305 3374 453 3454 captiuus
487 3373 601 3434 ductus
634 3383 682 3434 cst
707 3373 848 3455 populns
882 3394 984 3443 meccr,
1019 3374 1097 3454 qnia
1131 3395 1193 3436 non
1224 3374 1338 3438 habuit

101 3484 290 3553 scientiam,
321 3491 352 3542 et
373 3479 490 3542 nobiles
512 3480 580 3542 eins
603 3480 791 3543 interierunt
805 3482 915 3561 fame,
946 3491 977 3542 et
997 3481 1168 3546 multitudo
1191 3483 1258 3544 eim
1280 3483 1338 3544 siti

69 3591 244 3654 romanet.
269 3608 336 3669 quo
361 3587 436 3649 loco
460 3587 536 3649 licet
559 3586 689 3649 realiter
712 3587 816 3650 fames
835 3587 889 3649 illa
905 3597 938 3649 et
954 3589 1023 3650 sitis
1040 3587 1247 3671 intelligatur,
1271 3608 1336 3669 qua

99 3702 131 3763 in
169 3696 344 3762 obsidiene
375 3695 427 3758 uel
459 3696 650 3777 captiuitate
682 3697 842 3758 attenuati
870 3704 960 3770 sunt,
992 3696 1202 3778 spiritualiter
1224 3706 1335 3759 tamen

98 3808 159 3870 illa
183 3805 341 3868 scientiae
365 3804 501 3886 penuria
524 3805 712 3878 insinuatur,
736 3823 837 3884 quam
853 3803 961 3865 Amos
984 3803 1150 3886 propheta
1165 3805 1335 3867 denuntiat

101 3916 237 3979 dicens:
268 3931 335 3974 ecce
364 3911 433 3973 dies
456 3912 594 3983 uenient,
625 3911 707 3972 dicit
728 3911 904 3983 Dominus,
935 3922 966 3972 et
990 3912 1133 3973 emittam
1149 3914 1277 3992 samem
1300 3913 1335 3973 in

103 4035 238 4092 terram,
261 4040 324 4081 non
340 4021 468 4099 samem
485 4019 587 4100 parcis
607 4037 703 4099 neque
717 4017 806 4079 sitim
822 4039 933 4099 nqnne,
957 4018 1015 4079 sed
1035 4018 1193 4080 audiendi
1206 4018 1334 4080 uerbum

9 4147 10 4152 ’
71 4157 93 4193 ³5
104 4128 252 4192 Domini.
277 4147 362 4208 quae
386 4147 465 4189 uero
490 4127 650 4209 pernicies
674 4125 750 4187 inde
773 4134 1002 4206 consequatur,
1026 4125 1093 4188 non
1117 4128 1186 4188 sine
1210 4127 1333 4208 gemitu

106 4237 235 4300 adicio:
267 4235 301 4296 in
325 4233 391 4305 dn,
423 4234 543 4315 inquit,
572 4233 632 4294 illn
655 4231 804 4314 deficient
825 4232 966 4314 uirgines
983 4233 1142 4314 pulchrae
1163 4244 1195 4294 et
1214 4230 1334 4294 adoles·

107 4355 209 4406 centes
232 4343 267 4405 in
297 4343 360 4404 stri.
391 4342 577 4404 miseranda
607 4361 741 4424 prorsus
772 4342 925 4416 uastitas,
957 4362 1041 4422 quae
1072 4361 1138 4402 non
1169 4341 1334 4421 quoslibet

220 4481 259 4534 16.
281 4485 325 4533 Os.
346 4500 370 4545 4,
391 4481 414 4532 ὁ.
435 4513 470 4519 -
489 4496 530 4532 20.
552 4485 596 4532 Os.
617 4498 641 4544 4,
662 4480 685 4531 b.
706 4511 740 4519 -
760 4495 801 4546 30.
822 4484 857 4546 Js.
878 4495 902 4546 5,
927 4496 965 4546 13.
989 4511 1023 4518 -
1049 4494 1090 4545 37.
1110 4486 1168 4531 Am.
1189 4484 1213 4542 8,
1238 4497 1276 4533 11.
1296 4501 1332 4550 sq.
