3167 5025
1294 265 1334 327 33

95 440 279 503 secemdum
305 444 560 506 cottsieetudinem
585 444 666 525 legis
684 456 745 525 pro
768 466 810 515 ee,
834 455 864 505 et
885 442 952 525 ipse
970 445 1090 526 accepit
1104 466 1174 508 eum
1191 446 1225 507 in
1241 447 1338 508 ulnas

94 570 189 621 snas,
213 560 244 611 et
258 550 422 612 benedixit
436 551 540 613 Deum
556 561 587 613 et
601 551 667 613 ait:
683 572 766 614 eirene
782 551 921 614 dimittis
934 572 1062 615 seruum
1077 563 1175 624 titum,
1192 554 1337 623 nomme,

93 658 280 719 secundum
305 658 435 720 uerbum
459 659 493 720 in
510 671 599 741 pace.

212 767 278 828 Pro
310 765 397 829 fideli
427 788 507 848 ergo
540 767 758 848 susceptionis
792 766 886 829 huius
917 768 1145 830 recordatione
1177 768 1336 849 simulque

81 876 321 936 sintemeratae
337 875 504 955 genitricis
521 875 731 936 ueneratione
753 873 955 936 celeberrimi
982 875 1061 936 ritus
1078 896 1137 957 per
1153 876 1337 938 uniuersam

105 981 280 1044 ecclesiam
312 983 438 1043 sancita
468 990 519 1043 est
550 980 755 1055 obseruati0,
788 1002 872 1062 quae
905 983 1072 1043 annuatim
1095 982 1128 1044 in
1151 982 1337 1058 sestiuitate,

104 1112 185 1172 quae
223 1090 344 1152 dicitur
374 1084 548 1174 ὁπαπαντὴ,
580 1088 612 1150 id
645 1097 695 1149 est
726 1089 950 1171 praesentatio
974 1088 1108 1151 Domini
1139 1092 1171 1152 in
1202 1090 1337 1172 templo,

101 1198 258 1260 sollemni
289 1198 396 1278 agitur
421 1196 537 1259 officio
569 1216 646 1258 nam
670 1216 830 1259 accensos
853 1216 968 1259 cereos
992 1218 1032 1259 ea
1055 1197 1108 1259 die
1131 1198 1163 1259 in
1188 1198 1337 1260 manibus

99 1314 238 1387 gestare
264 1304 343 1387 quid
368 1313 418 1367 est
442 1304 544 1380 aliud,
568 1305 628 1366 nisi
653 1305 719 1366 ueri
743 1303 872 1366 luminis
896 1304 1059 1367 desiderio
1083 1325 1157 1367 cum
1182 1305 1337 1369 Simeone

69 1434 89 1458 10
100 1414 256 1496 flagrare,
280 1421 317 1475 ut
340 1412 404 1475 hoc
427 1414 546 1494 iugiter
570 1402 684 1473 nostro
709 1412 823 1475 ardeat
847 1412 880 1473 in
904 1413 1005 1475 corde
1029 1421 1063 1475 et
1078 1413 1288 1496 resplendeat
1304 1416 1337 1476 in

99 1544 225 1605 opere,
258 1521 348 1602 quod
373 1519 425 1582 ille
449 1522 511 1603 piis
535 1529 725 1602 susceptum
749 1518 832 1581 ulnis
857 1522 973 1582 meruit
998 1522 1039 1583 ad
1065 1520 1180 1582 horam
1204 1521 1337 1585 tenere?

99 1633 145 1693 sic
170 1631 265 1693 enim
289 1638 323 1690 et
347 1628 434 1691 idem
459 1630 568 1691 senior
590 1628 695 1691 iustus
718 1630 812 1691 iuxta
836 1636 1049 1709 praeceptum
1067 1628 1200 1690 Domini
1224 1630 1337 1691 arden·

100 1749 150 1801 tes
174 1739 345 1801 bonorum
362 1757 500 1819 operum
516 1737 665 1800 lucernas
682 1738 713 1799 in
731 1736 879 1798 manibus
895 1734 1055 1800 hactenus
1071 1745 1204 1818 portare
1218 1737 1336 1799 'solitus

100 1847 218 1920 fuerat,
245 1866 284 1907 ac
310 1866 370 1927 per
389 1843 452 1907 hoc
470 1845 732 1907 accrescentibus
749 1844 911 1925 gradatim
929 1844 1060 1919 meritis,
1078 1846 1183 1926 ipsum
1200 1846 1336 1907 tandem

69 1955 251 2037 1ssuscepit
275 1952 476 2033 portandum
501 1953 555 2033 qui
580 1952 690 2014 omnia
714 1959 833 2034 portat.
858 1952 977 2013 nostris
1000 1972 1132 2033 quoque
1148 1952 1239 2013 iustis
1256 1953 1336 2014 desi·

105 2064 200 2125 deriis
225 2068 381 2143 optatum
406 2062 601 2141 quantocius
625 2060 779 2121 eflectum
804 2059 904 2133 dabit,
928 2060 982 2141 qui
1007 2060 1082 2121 iusti
1099 2059 1261 2123 Simeonis
1281 2082 1336 2123 ex·

109 2170 331 2250 pectationem
355 2168 511 2249 impleuit,
535 2170 561 2229 si
586 2169 617 2230 in
642 2167 827 2250 apostolico
851 2166 907 2229 illo
929 2176 1110 2249 praecepto
1134 2169 1223 2249 quod
1241 2170 1336 2232 nobis

115 2277 356 2358 praescribitur:
382 2275 564 2359 glorificate
587 2286 618 2337 et
632 2286 760 2357 portate
781 2275 887 2337 Deum
910 2276 945 2336 in
968 2287 1094 2356 corpore
1117 2286 1235 2348 uestra,
1266 2299 1336 2359 per·

114 2393 298 2447 seuerantes
322 2384 488 2445 inuenerit.
525 2384 659 2465 etquid
684 2382 770 2445 aliud
796 2391 1029 2465 expectamus,
1053 2403 1151 2464 quam
1176 2384 1266 2464 quod
1290 2406 1336 2447 ar·

79 2520 102 2543 20
111 2493 259 2556 dentibus
293 2492 396 2556 cereis
426 2490 487 2554 illis
517 2490 789 2574 praefiguramuS,
822 2513 906 2573 quos
930 2492 963 2553 in
986 2489 1048 2553 hac
1072 2491 1189 2553 beatae
1212 2491 1336 2556 Mariae

115 2601 328 2662 sollemnitate
353 2609 483 2682 gestare
508 2600 660 2676 solemuS,
684 2609 719 2663 ut
743 2599 895 2662 uidelicet
919 2601 1012 2661 iuxta
1034 2599 1226 2681 parabolam
1243 2603 1336 2682 uirgi-

119 2727 193 2768 num
220 2709 432 2789 prudentum,
462 2727 535 2769 cum
567 2707 749 2770 lucentibus
781 2707 943 2769 bonorum
974 2714 1105 2769 actuum
1128 2705 1336 2788 lampadibus

120 2813 245 2875 obuiam
267 2817 333 2897 regi
358 2836 396 2877 ac
421 2835 545 2897 sponso
562 2823 677 2877 nostro
694 2816 872 2890 uenientes
896 2835 977 2877 mox
994 2835 1068 2878 cum
1085 2835 1126 2876 eo
1142 2814 1184 2875 ad
1202 2817 1334 2897 nuptias

114 2943 271 3004 supernae
300 2923 441 2985 ciuitatis
472 2921 650 2984 intremus?
681 2922 745 2985 hoc
777 2930 828 2984 est
859 2923 945 2984 enim
977 2942 1091 2984 cereos
1122 2941 1279 2984 accensos
1302 2924 1334 2985 in

73 3051 97 3087 25
108 3025 262 3115 ὑπαπαντῇ
287 3037 429 3113 portare,
454 3030 543 3111 quod
564 3031 660 3092 estin
676 3030 730 3093 illa
748 3031 862 3094 ultima
878 3032 926 3092 sui
943 3030 1208 3113 praesentatione
1224 3050 1335 3091 unum·

104 3159 272 3220 quemque
304 3159 407 3220 opera
436 3159 495 3200 sua
518 3157 629 3200 secum
654 3137 791 3213 habere,
825 3138 943 3219 quibus
967 3137 1073 3200 clarus
1096 3147 1130 3199 et
1153 3136 1279 3199 lucidus
1302 3139 1335 3199 in

103 3255 288 3330 conspectu
312 3245 445 3308 Domini
469 3253 502 3307 et
526 3254 714 3308 sanctorum
739 3246 930 3327 angelorum
954 3245 1059 3326 possit
1083 3265 1250 3326 apparere.
1270 3245 1334 3307 ‘sed

101 3355 132 3418 hi
156 3355 221 3418 soli
247 3352 358 3416 oleum
382 3361 459 3416 tunc
483 3354 515 3414 in
539 3355 624 3416 uasis
649 3354 714 3416 suis
739 3373 813 3416 cum
837 3353 1043 3434 lampadibus
1066 3351 1251 3428 habebunt,
1280 3354 1335 3434 qui

99 3485 188 3527 nunc
227 3481 296 3524 non
331 3460 530 3523 reclamante
566 3461 625 3523 sibi
657 3462 878 3525 conscientiae
909 3482 988 3522 suae
1019 3461 1225 3536 testimoni0‚
1260 3482 1335 3524 cum

66 3572 261 3635 soSimeone
287 3587 404 3630 canere
427 3577 576 3650 possunt,
600 3569 690 3648 quod
715 3569 758 3631 ob
782 3567 877 3629 huius
900 3569 1118 3650 susceptionis
1143 3569 1335 3630 memoriam

96 3679 210 3742 sancti
229 3686 342 3759 patres
358 3678 391 3738 in
406 3677 468 3740 hac
485 3677 703 3741 sollemnitate
720 3676 889 3739 decantari
905 3685 1118 3739 censuerunt:
1141 3677 1336 3759 suscepimus

95 3789 194 3850 Deus
220 3783 476 3847 misericordiam
499 3795 589 3848 triam
613 3785 647 3846 in
671 3784 774 3846 medio
797 3783 909 3866 templi
930 3783 985 3846 tui.

214 3891 391 3974 Templum
408 3892 470 3954 Dei
495 3893 646 3974 antiquus
663 3890 715 3954 ille
732 3891 959 3954 Hebraeorum
976 3891 1118 3974 populus
1135 3900 1213 3967 erat,
1237 3914 1335 3974 quem
1415 3874 1418 3880 ¹

96 4025 117 4064 a
142 3999 269 4064 ceteris
292 3999 479 4062 nationibus
503 4008 690 4082 separatum
714 4020 774 4061 suo
791 3998 890 4061 cultui
907 4020 966 4081 per
981 3998 1089 4081 legem
1106 4007 1139 4061 et
1155 3999 1335 4081 prophetas

16 4187 17 4192 ἵ
62 4131 85 4166 ss
97 4109 329 4172 dedicauerat.
369 4108 427 4169 sed
459 4109 609 4170 ueniente
643 4109 675 4170 in
707 4127 804 4170 carne
829 4107 973 4169 Domino
1003 4105 1161 4188 templum
1193 4105 1270 4168 illud
1302 4108 1334 4167 in

97 4217 256 4279 nouitate
279 4215 411 4296 spiritus
436 4216 588 4278 adornari
612 4215 792 4297 negligens
816 4236 876 4297 per
898 4223 1096 4277 uetustatem
1119 4213 1246 4276 litterae
1270 4235 1334 4276 ma·

99 4326 200 4387 xima
231 4343 276 4384 ex
307 4331 400 4405 parte
433 4323 613 4406 collapsum
639 4333 697 4386 est.
737 4324 888 4405 equidem
913 4331 1000 4385 stare
1023 4323 1219 4384 uidebantur
1242 4322 1334 4403 quasi

217 4479 240 4531 3.
262 4465 328 4518 Luc,¹
345 4479 367 4526 2,
389 4476 500 4534 27-29.
521 4494 555 4502 -
579 4465 616 4518 18.
638 4467 657 4516 Ι,
678 4467 737 4517 Cor.
757 4461 782 4526 b,
803 4478 845 4516 20.
864 4493 899 4503 ——
918 4477 959 4529 32.
980 4465 1138 4530 Ps.47,1o.

1176 4546 1190 4601 3
