3167 5025
1273 237 1313 310 73

87 424 127 491 ad
153 432 369 510 augmentum
392 421 518 512 gloriae
546 424 616 491 sine
640 419 770 492 defectu
795 423 1042 512 permanebunt.
1074 447 1116 490 an
1140 427 1316 510 aliquando

85 537 200 618 spoliis
224 538 396 618 indigebit,
419 557 503 618 quae
527 539 592 599 iam
615 537 741 600 dudum
764 557 840 600 cum
855 535 986 600 Christo
1010 536 1079 598 sine
1100 535 1165 598 ulia
1180 556 1317 599 manens

84 645 270 726 indigentia
284 646 432 708 nondum
449 654 560 708 tamen
575 665 691 728 rapere
714 643 829 708 desiit?
854 643 967 707 fideles
991 645 1110 726 quique
1126 644 1317 706 meritorum

84 753 155 812 eius
178 752 338 833 suffragia
360 751 591 835 implorantes,
620 773 642 814 a
672 753 750 832 iugo
773 753 902 833 peccati
926 751 1122 834 captiuantis
1153 750 1317 832 hodieque

63 859 281 935 sliberantur,
314 860 495 922 daemones
519 881 563 922 ex
586 859 730 922 obsessis
753 859 948 942 corporibus
972 859 1106 940 effugati
1138 857 1318 922 fortitudini

88 969 154 1028 eius
178 968 406 1030 testimonium
431 965 604 1048 perhibere
627 976 799 1048 coguntur.

506 1199 814 1262 CAPITVLVM
838 1198 901 1262 ΙΙΙ.

425 1345 542 1405 Laus
573 1363 594 1406 a
625 1344 987 1422 perseuerantia.

194 1503 302 1565 Recte
333 1502 452 1584 legitur
483 1505 525 1566 de
549 1505 813 1586 perseuerantiae
837 1505 906 1567 eius
930 1505 1066 1581 uirtute;
1098 1503 1318 1584 subiungitur:

54 1633 75 1657 10
83 1609 199 1672 reddet
211 1611 245 1671 ci
257 1611 381 1683 bomem,
404 1622 435 1673 et
453 1633 515 1674 non
538 1611 671 1684 malum,
694 1611 841 1674 omnibus
864 1611 973 1674 dubus
995 1611 1082 1672 uz'tae
1103 1631 1188 1682 suae,
1212 1611 1319 1672 eidem

83 1716 211 1780 scilicet
245 1719 331 1792 uiro,
362 1720 454 1782 cuius
484 1720 517 1782 in
547 1741 587 1782 ea
618 1740 677 1783 cor
706 1718 852 1782 confidit.
884 1721 917 1782 in
944 1740 985 1782 eo
1010 1739 1105 1794 uero,
1138 1719 1228 1800 quod
1252 1738 1319 1782 non

84 1823 223 1890 dicitur:
256 1824 348 1888 dabit
372 1825 424 1888 uel
447 1827 564 1888 offeret
588 1826 648 1888 sed
672 1827 806 1901 reddet,
838 1827 964 1908 gratiae
987 1825 1232 1888 commendatio
1260 1834 1320 1899 est,

85 1933 162 2012 quia
195 1952 259 1994 nec
290 1942 405 1996 sancta
435 1932 517 1996 haec
548 1935 581 1996 in
612 1953 648 1994 se
680 1941 851 2015 tamquam
875 1953 918 1995 ex
943 1937 979 1996 'se
1004 1934 1177 2014 quicquam
1207 1932 1320 1996 habuit

86 2039 177 2120 quod
202 2039 316 2115 daret,
348 2041 409 2102 nisi
432 2041 520 2122 prius
545 2063 564 2104 a
587 2042 662 2104 Deo
686 2049 846 2124 percepta
869 2041 961 2103 danti
991 2041 1144 2103 redderet
1176 2049 1209 2102 et
1233 2041 1319 2102 uitae

58 2145 280 2208 1smuneribus
311 2146 396 2210 bene
431 2148 573 2210 uiuendo
607 2150 832 2231 responderet.
870 2156 903 2210 et
933 2146 997 2210 hoc
1032 2147 1074 2209 ad
1109 2146 1320 2210 beatitudinis

93 2256 153 2316 cius
177 2253 357 2330 cumulum,
382 2256 471 2337 quod
495 2257 669 2332 intereos,
694 2257 748 2339 qui
772 2256 895 2320 malum
912 2256 1047 2317 omnino
1064 2263 1097 2316 et
1113 2275 1180 2317 non
1195 2254 1319 2317 bonum

96 2362 230 2424 creatori
260 2381 322 2424 suo
352 2362 491 2424 reddere
520 2373 776 2440 consueuerant,
808 2365 879 2446 ipsa
902 2362 1027 2426 bonum
1050 2371 1084 2424 et
1107 2382 1173 2424 non
1198 2361 1319 2424 maium

93 2470 227 2533 reddere
251 2469 441 2551 satagebat;
465 2471 552 2534 unde
569 2491 636 2534 non
652 2472 832 2554 incongrue
850 2472 892 2535 ab
908 2472 981 2555 ipso
998 2471 1110 2534 audire
1128 2478 1319 2534 mereretur:
1408 2495 1410 2502 ‘

91 2578 159 2649 scio,
182 2577 240 2640 ubi
260 2576 398 2650 lrabr'tas,
421 2577 478 2640 ubi
497 2578 585 2641 sedes
607 2589 653 2641 est
673 2590 818 2651 satanae,
842 2580 970 2643 Romae
987 2579 1147 2655 uidelicet,
1171 2578 1226 2642 ubi
1242 2587 1320 2641 tunc

66 2710 88 2735 20
96 2686 248 2765 temporis
265 2684 362 2747 sedes
386 2693 456 2747 erat
473 2694 616 2761 satanae,
641 2706 700 2767 per
715 2686 923 2749 Antoninum
939 2687 1120 2769 principem
1137 2687 1319 2749 ministrum

100 2789 202 2871 utique
224 2801 360 2854 satanae
377 2800 410 2855 et
426 2791 600 2873 pontifices
623 2792 838 2875 templorum;
862 2794 921 2856 sed
946 2803 1040 2857 tenes
1063 2814 1185 2856 nomen
1202 2812 1320 2867 meum,

101 2902 132 2957 et
161 2918 223 2961 non
250 2901 382 2981 negasti
406 2899 506 2963 fidem
529 2921 656 2977 meam,
686 2901 719 2963 id
743 2910 796 2963 est
819 2900 880 2963 illis
910 2902 1124 2964 reddentibus
1149 2900 1235 2963 mala
1259 2919 1320 2982 pro

95 3001 200 3081 bonis,
230 3017 266 3070 tu
290 3008 379 3070 bona
401 3009 513 3071 reddis
536 3029 597 3091 pro
621 3008 723 3071 malis.
753 3010 815 3090 ipsi
839 3010 926 3071 enim
950 3008 1019 3071 uiri
1038 3007 1234 3089 sanguinum
1258 3028 1319 3069 uon

89 3112 310 3179 dr‘rm'diabunt
340 3115 410 3177 dies
431 3137 522 3188 suos,
553 3117 665 3179 sedin
689 3116 777 3179 malo
801 3116 1056 3193 continuabunt;
1088 3132 1172 3195 quos
1196 3114 1320 3179 dimidi-

57 3246 78 3280 2⁵
87 3231 198 3297 arent,
230 3223 260 3285 si
291 3224 497 3305 paenitentes
527 3225 570 3286 ad
605 3223 690 3287 bene
715 3225 890 3287 uiuendum
915 3224 1115 3297 diuiderent,
1146 3223 1269 3285 scilicet
1293 3223 1320 3285 si

86 3330 286 3411 quibusdam
317 3331 399 3393 actis
429 3331 463 3393 in
493 3330 598 3406 ma10‚
629 3332 771 3414 reliquos
802 3341 940 3413 agerent
962 3332 995 3393 in
1019 3330 1117 3394 bono.
1150 3338 1185 3391 tu
1210 3338 1319 3393 autem

84 3458 152 3500 non
177 3446 309 3500 tantum
325 3438 486 3512 dimidios
510 3456 594 3519 quos
614 3439 656 3501 ab
673 3439 734 3501 illis
750 3460 811 3521 pro
829 3428 1051 3501 satisfactione
1067 3439 1319 3519 praeteritorum

83 3546 299 3627 susciperem,
322 3546 381 3608 sed
406 3565 522 3609 omnes
546 3545 616 3607 dies
640 3547 727 3610 uitae
751 3556 828 3610 tuae
852 3548 885 3609 in
908 3547 999 3611 bono
1023 3544 1101 3607 mihi
1118 3545 1228 3608 reddis
1245 3564 1319 3607 con-

82 3661 281 3717 summates

57 3789 77 3823 ³0
194 3758 283 3822 Sane
314 3776 388 3821 cum
419 3759 520 3822 beata
549 3756 631 3821 haec
662 3759 805 3822 uiuendo
838 3780 970 3843 semper
1002 3760 1152 3822 uitauerit
1179 3760 1319 3823 reddere

81 3868 227 3942 malum,
260 3867 432 3930 moriendo
467 3868 566 3929 etiam
589 3866 753 3947 singulare
777 3866 857 3931 illud
890 3863 1034 3930 reddidit
1057 3868 1197 3942 bonum,
1228 3867 1318 3949 quod

81 3971 255 4056 propheta
286 3971 424 4035 sollicite
457 3992 618 4055 quaerens
651 3981 685 4035 et
716 3974 902 4049 inueniens,
936 3974 1011 4036 Deo
1044 3995 1080 4037 se
1115 3974 1318 4037 redditurum

81 4080 285 4145 deuouebat.
318 4081 363 4143 ait
394 4082 497 4157 enim,
528 4082 560 4144 in
591 4081 771 4162 semetipso
805 4100 965 4163 quaerens
996 4083 1150 4145 idoneam
1181 4091 1215 4145 et
1243 4082 1319 4145 Deo

83 4190 226 4271 dignam
249 4187 472 4251 retributionis
496 4189 768 4251 uicissitudinem:
791 4188 874 4269 quid
895 4188 1068 4251 retribuam
1091 4189 1238 4261 Domino,
1256 4201 1319 4271 pro

52 4296 249 4369 ssomnr'bus,
281 4316 363 4377 quae
392 4296 538 4358 retribuit
567 4296 673 4359 milri?
704 4305 737 4359 et
769 4298 936 4361 inuentam
960 4298 1131 4360 enuntians
1155 4296 1317 4359 subdidit:

201 4450 239 4501 19.
260 4439 342 4500 Apoc.
364 4450 386 4497 2,
411 4448 449 4497 13.
470 4466 505 4471 -
525 4450 565 4498 24.
586 4439 626 4486 Ps.
648 4449 689 4501 54,
710 4452 752 4499 24,
