3167 5025
264 259 323 324 ¹32

260 459 327 502 non
349 459 466 522 parcas
490 438 692 522 corpusculo,
716 459 777 523 pro
801 438 913 502 labore
934 439 1026 500 breui
1042 436 1242 499 aeternitatis
1258 428 1398 515 gloriam
1417 454 1493 516 per·
1573 476 1574 503 r

261 554 414 634 cepturus
438 567 458 609 a
480 546 633 609 Domino.
665 545 836 628 quodlibet
867 545 1031 628 religionis
1059 552 1190 609 nostrae
1214 542 1338 607 initium
1364 540 1423 604 uel
1449 541 1495 602 in·
1573 516 1574 551 ¹

261 662 464 717 crementum
487 674 582 717 casso
607 662 727 717 conatu
751 654 958 737 expenditur,
990 654 1051 715 nisi
1074 656 1302 716 consummato
1325 648 1494 714 uictoriae

261 763 400 826 termino
424 761 649 826 concludatur.

367 868 520 933 Aderant
543 877 653 931 autem
676 868 867 952 spectaculo
896 868 1081 931 certaminis
1103 865 1197 930 huius
1221 865 1362 948 amplius
1387 886 1523 948 quami

261 975 327 1040 XX
349 975 438 1040 milia
467 976 611 1038 uirorum
645 976 768 1058 absque
801 976 1028 1040 inaestimabili
1052 975 1149 1040 turba
1171 973 1342 1038 mulierum
1366 973 1423 1036 uel
1450 975 1496 1036 in·

261 1082 395 1146 fantum.
441 1082 665 1146 Diocletianus
696 1085 795 1166 igitur
824 1084 931 1168 primo
962 1085 1070 1147 uerbis
1097 1093 1255 1145 terrorem
1278 1082 1383 1144 beato
1408 1082 1496 1144 Vito

261 1192 407 1253 incutere
437 1190 624 1274 temptabat
654 1191 782 1254 dicens:
814 1191 870 1253 ubi
892 1199 926 1252 te
950 1211 1022 1252 esse
1047 1189 1159 1253 uides?
1190 1189 1349 1270 numquid
1378 1187 1495 1252 locum

262 1297 314 1361 uel
337 1306 468 1380 tempus
492 1297 688 1374 consideras
712 1305 744 1360 et
768 1298 846 1380 quid
871 1297 929 1360 tibi
951 1296 1085 1380 periculi
1100 1298 1267 1359 immineat
1281 1294 1496 1380 pertractas?

263 1406 305 1468 ad
329 1424 412 1486 quae
437 1405 539 1468 uerba
561 1406 631 1488 ipse
655 1406 773 1468 tacitus
798 1405 839 1467 ad
864 1404 991 1467 caelum
1014 1405 1128 1468 oculos
1151 1404 1255 1479 leuat,
1285 1412 1322 1466 ut
1346 1404 1495 1466 iudicem
1506 1429 1529 1454 10

262 1493 356 1574 suum
380 1518 414 1573 et
438 1513 604 1575 conscium
628 1531 700 1574 esse
723 1512 756 1575 in
780 1511 920 1574 excelsis
951 1510 1061 1592 ibique
1091 1519 1242 1594 paratum
1275 1510 1338 1572 sibi
1365 1509 1493 1591 gloriae
1575 1510 1576 1515 ’

263 1617 372 1682 locum
403 1618 565 1682 ostendat.
601 1618 690 1700 quod
722 1638 796 1680 cum
826 1619 1007 1702 imperator
1036 1637 1104 1681 non
1135 1617 1340 1692 aduerteret,
1373 1626 1492 1701 utpote

263 1726 317 1807 qui
341 1725 463 1788 malitia
493 1745 552 1788 sua
576 1734 789 1801 excaecatus,
820 1727 914 1788 iuxta
937 1724 1027 1808 quod
1050 1724 1091 1787 de
1115 1725 1222 1808 impiis
1245 1726 1488 1806 scriptumest,

263 1842 469 1897 sacramenta
491 1833 554 1895 Dei
586 1833 727 1897 nesciret
750 1853 857 1916 neque
880 1833 1067 1895 mercedem
1090 1841 1238 1916 speraret
1260 1833 1406 1894 iustitiae
1424 1853 1482 1894 nec
1576 1824 1577 1899 l

262 1941 420 2006 iudicaret
443 1939 603 2004 honorem
627 1941 807 2002 animarum
830 1948 1031 2016 sanctarum,
1054 1960 1164 2002 rursus
1188 1940 1330 2002 eandem
1357 1939 1506 2022 replicata
1576 1926 1577 1931 ἵ

262 2048 553 2130 interrogationem
593 2048 721 2112 dicens:
760 2049 815 2111 ubi
849 2057 882 2111 te
918 2069 989 2111 esse
1024 2046 1136 2110 uides?
1175 2057 1245 2110 tum
1279 2068 1365 2110 uero
1396 2046 1472 2109 miles

264 2153 399 2218 Christi:
423 2156 456 2218 in
478 2154 729 2240 amphitheatro,
752 2156 865 2238 inquit,
890 2176 963 2218 esse
986 2175 1039 2218 me
1063 2155 1169 2231 uide0‚
1192 2155 1251 2219 sed
1275 2156 1370 2237 quod
1395 2154 1481 2216 iactu·

263 2282 335 2324 rum
358 2271 391 2324 te
415 2264 493 2344 scio,
525 2265 682 2328 maturius
706 2263 774 2327 fieri
797 2272 888 2347 opto.
912 2265 963 2328 cui
986 2263 1219 2341 Diocletianus,
1250 2272 1286 2326 ut
1309 2264 1375 2326 diis
1399 2264 1488 2325 sacri·

263 2369 394 2434 licando
410 2371 618 2436 teneritudini
635 2393 712 2436 suae
729 2372 923 2448 consuleret,
947 2373 1056 2436 denuo
1072 2373 1270 2456 persuadere
1286 2372 1491 2454 temptabat;

262 2480 332 2563 ipse
356 2500 435 2543 uero
459 2481 637 2545 acrioribus
661 2480 750 2544 illum
774 2480 882 2545 uerbis
906 2479 1111 2557 confutabat,
1140 2480 1252 2567 lupum
1275 2500 1438 2562 rapacem
1462 2489 1518 2542 etro

263 2608 377 2651 canem
410 2589 578 2673 appellans
610 2589 853 2673 impudentem,
883 2591 938 2672 qui
967 2591 1089 2652 totiens
1112 2591 1234 2664 iamet
1256 2591 1289 2652 in
1314 2592 1493 2652 commina-

263 2697 352 2759 tione
388 2718 447 2762 sua
481 2707 690 2780 contemptus
725 2706 759 2761 et
792 2699 826 2761 in
860 2699 1072 2782 persuasione
1106 2699 1224 2761 eadem
1262 2700 1383 2761 iterare
1427 2721 1496 2763 non

264 2805 480 2869 erubesceret.
512 2796 567 2889 qui
598 2807 698 2870 nimio
731 2808 912 2870 concitatus
944 2806 1051 2869 surore
1082 2807 1252 2890 plumbum
1283 2808 1431 2869 resinam
1464 2815 1497 2869 et

263 2913 370 2998 picem
394 2914 513 2977 resolui
536 2915 628 2979 iussit
651 2914 683 2976 in
708 2914 772 2977 olla
805 2916 994 2999 ipsumque,
1028 2935 1103 2977 curn
1126 2916 1191 2977 iam
1214 2915 1315 2976 nimio
1339 2915 1497 2979 ebulliret

263 3018 406 3099 feruore,
437 3021 645 3105 praecipitari
667 3023 700 3084 in
723 3016 778 3108 ea]
811 3022 870 3084 sed
894 3022 990 3103 signo
1014 3021 1147 3084 Domini
1174 3023 1397 3084 communitus
1422 3040 1526 3105 per-²⁵

264 3130 383 3191 mansit
407 3128 545 3192 illaesus,
569 3129 783 3211 praeueniens
807 3130 894 3192 enim
915 3128 1052 3211 angelus
1067 3129 1201 3192 Domini
1217 3130 1301 3191 uires
1319 3132 1497 3193 euacuauit

264 3236 421 3312 incendii,
452 3246 607 3318 stansque
637 3235 754 3299 beatus
777 3245 905 3319 martyr
927 3237 960 3298 in
983 3238 1092 3300 medio
1117 3236 1217 3313 ollae,
1248 3237 1332 3298 sicut
1357 3246 1428 3299 tres
1454 3239 1493 3301 illi

265 3344 432 3425 quondam
456 3345 489 3407 in
513 3343 661 3425 fornace,
686 3344 801 3407 Deum
825 3346 931 3407 omnis
955 3346 1080 3427 gratiae
1104 3345 1216 3407 debita
1237 3345 1422 3425 gratiarum
1446 3368 1490 3408 ac·

264 3451 354 3514 tione
378 3450 627 3535 magnificabat,
659 3473 756 3515 orans
780 3461 816 3514 ut
840 3452 936 3515 solita
959 3454 1058 3515 etiam
1086 3453 1127 3515 de
1151 3453 1276 3534 reliquo
1299 3454 1333 3514 in
1357 3474 1394 3515 se
1419 3473 1482 3516 con·

265 3557 439 3623 fidentibus
463 3561 543 3623 assit
567 3559 749 3624 clementia.
774 3570 807 3623 et
831 3581 914 3625 uoce
938 3581 1061 3642 magna
1075 3559 1234 3624 insultans
1250 3569 1415 3642 tyranno:
1436 3561 1517 3623 ubiao

265 3676 324 3744 est,
356 3670 408 3745 ait,
439 3668 549 3751 lingua
572 3678 628 3733 tua
651 3668 869 3752 magniloqua,
894 3669 949 3732 ubi
972 3671 1131 3734 minarum
1154 3677 1283 3731 tuarum
1307 3679 1493 3751 tempestas
1578 3727 1579 3756 ,

265 3775 416 3841 turbida?
439 3796 517 3839 ecce
533 3798 593 3860 per
609 3777 877 3840 adinuentionem
892 3785 1131 3840 tormentorum
1147 3778 1239 3859 quasi
1256 3775 1494 3859 uoluptuosum
1578 3762 1579 3814 l

265 3885 433 3967 quoddam
460 3882 537 3947 mihi
561 3879 944 3969 exhibuistijlauacrum;
975 3885 1021 3946 sic
1045 3885 1131 3946 enim
1154 3883 1240 3946 lotus
1271 3885 1427 3947 mundior
1450 3887 1496 3946 in·

266 3993 377 4056 ueniat
407 3991 449 4053 ad
481 3992 679 4054 induendam
711 3990 963 4055 immortalitatis
993 3990 1121 4053 stolam.
1161 3992 1310 4054 uniuersa
1349 3992 1497 4073 denique
1572 3977 1576 3990 ¹

265 4099 379 4184 populi
403 4097 586 4175 multitudo,
619 4119 702 4181 quae
726 4097 801 4161 huic
825 4108 860 4161 ut
883 4099 1129 4181 supradictum
1153 4106 1203 4160 est
1227 4099 1341 4162 aderat
1364 4107 1529 4182 specta-³5

267 4206 357 4284 culo,
388 4226 565 4289 numquam
589 4214 681 4269 tanta
710 4227 744 4268 se
772 4205 930 4269 mirabilia
952 4206 1072 4268 uidisse
1095 4205 1292 4280 testabatur,
1323 4226 1497 4287 magnum-

266 4336 330 4399 que
361 4316 394 4379 in
425 4313 575 4377 omnibus
606 4321 639 4376 et
670 4333 746 4376 uere
777 4312 958 4376 mirabilem
985 4314 1018 4375 in
1040 4314 1161 4376 sanctis
1184 4315 1249 4376 suis
1272 4313 1380 4376 Deum
1404 4313 1497 4378 Chn'·

268 4424 448 4490 stianorum
479 4420 704 4491 confitebatur.
743 4429 870 4507 martyr
900 4441 979 4487 uero
1010 4421 1144 4487 Domini
1174 4442 1272 4486 sanus
1303 4422 1417 4485 exiens
1451 4424 1496 4487 de
1578 4433 1579 4438 ’
