3167 5025
235 253 296 317 126

231 453 339 530 grauit
362 455 510 516 sanitate.
539 469 636 533 quem
660 453 712 516 ille
736 453 821 535 patri
844 455 1080 532 reconsignans
1103 452 1163 514 ait:
1194 449 1349 530 quoniam
1373 449 1466 511 sicut

231 560 302 639 ipse
326 561 444 624 audisti
468 571 500 623 et
521 563 637 637 uidisti,
661 572 794 625 nostrae
818 562 1020 625 auctoritatis
1044 559 1252 642 paruipendit
1277 556 1465 628 consilium,

230 666 341 729 irridet
365 669 533 743 iudicium,
565 677 749 732 tuaenunc
780 670 928 732 imminet
959 667 1167 730 sollicitudini
1196 685 1331 748 quoquo
1355 664 1465 727 modo

231 774 299 835 eius
330 778 519 859 prospicere
551 777 654 840 saluti.
686 779 797 859 itaque
819 798 840 839 a
862 776 1056 838 consistorio
1081 774 1241 857 praesidis
1264 773 1297 834 in
1320 772 1464 834 domum

230 882 395 945 reducitur
426 886 544 966 patriS,
575 887 744 966 grauiores
768 885 810 947 ab
833 887 897 947 isto
920 904 1075 966 passurus
1104 882 1252 956 insidias,
1283 899 1384 962 quam
1417 878 1462 942 ab
1490 900 1503 938 s

230 987 285 1050 illo
310 991 478 1072 pertulerit
502 994 613 1056 minas.
645 993 785 1074 denique
817 993 859 1055 ad
891 990 1133 1073 illaqueandum
1158 1009 1235 1051 eum
1265 997 1299 1050 et
1322 988 1367 1049 ad
1390 1006 1462 1049 sae·
1575 972 1576 975 ¹

230 1095 293 1158 culi
317 1097 504 1180 uoluptates
527 1099 760 1162 retrahendum
780 1120 887 1162 nouae
903 1107 1139 1181 praeparantur
1154 1094 1345 1179 decipulae:
1370 1114 1462 1174 cym-

231 1204 313 1266 balis
346 1215 378 1268 et
410 1206 541 1270 citharis
564 1208 657 1270 suaui
679 1206 908 1275 modulamine,
927 1206 1156 1268 resonantibus
1179 1202 1339 1286 puerilem
1363 1210 1462 1284 pater

230 1312 348 1394 impius
380 1323 520 1396 temptat
552 1315 713 1389 auditum,
745 1314 860 1396 puellis
891 1314 1079 1376 irreuerenti
1106 1321 1200 1374 motu
1224 1311 1377 1374 certatim
1401 1308 1462 1370 sal·

231 1419 374 1482 tantibus
398 1422 716 1489 innocentemillicit
740 1431 919 1504 aspectum.
949 1422 1021 1504 ipse
1044 1441 1124 1484 uero
1154 1420 1350 1482 intrinsecus
1374 1419 1461 1481 adeo
1472 1437 1498 1463 1⁰

192 1524 196 1533 ’
231 1528 365 1590 canticis
388 1529 626 1593 iucundabatur
649 1528 879 1612 spiritualibus,
906 1538 941 1591 ut
964 1515 1005 1591 ne
1028 1528 1071 1589 ad
1096 1536 1300 1590 momentum
1325 1527 1461 1608 quidem

231 1635 424 1698 transitoriis
455 1647 641 1701 moueretur
672 1637 951 1704 delectationibus
983 1635 1073 1717 quod
1107 1635 1251 1697 sentiens
1284 1634 1397 1715 Hylas
1429 1646 1462 1700 et

231 1741 406 1804 maioribus
445 1763 519 1806 eum
558 1753 826 1808 ornamentorum
864 1741 1023 1805 illecebris
1061 1742 1196 1806 tandem
1234 1743 1459 1824 superandum

231 1850 417 1924 aestimans,
441 1851 624 1916 cubiculum
648 1861 811 1916 secretum
835 1851 998 1934 lapidibus
1021 1852 1173 1933 pretiosis
1196 1849 1334 1932 aliisque
1354 1849 1453 1913 huius

232 1956 321 2018 modi
345 1957 484 2022 cultibus
508 1961 661 2024 exornari
684 1958 789 2033 iubet,
821 1959 959 2041 ipsoque
990 1959 1178 2022 introducto
1204 1977 1313 2020 seram
1340 1960 1450 2020 extrin
1458 1977 1479 2013 1⁵

231 2083 326 2125 secus
350 2065 513 2129 admouet.
538 2067 634 2129 sedo
651 2067 732 2128 mira
755 2076 788 2128 et
811 2086 899 2128 noua
914 2086 1020 2127 rerum
1037 2065 1222 2128 conuersio!
1246 2065 1457 2128 artificiosum

231 2169 309 2233 illud
341 2173 460 2235 inimici
493 2173 694 2255 ergastulum
718 2173 760 2235 ad
785 2173 952 2236 introitum
982 2173 1057 2234 iusti
1086 2171 1196 2234 subito
1219 2172 1255 2235 fit
1278 2176 1462 2236 oratorium

231 2291 264 2342 et
288 2279 455 2361 angelicae
479 2282 647 2362 dignitatis
677 2278 929 2363 receptaculum.
960 2279 1088 2343 clausus
1111 2280 1198 2340 enim
1221 2279 1347 2342 ibidem
1379 2300 1465 2363 puer

231 2387 325 2449 flexis
348 2389 380 2449 in
404 2397 524 2450 terram
548 2389 686 2470 genibus
710 2388 840 2450 solitam
856 2387 931 2449 Deo
954 2386 1059 2450 fundit
1081 2388 1282 2450 orationem:
1305 2388 1465 2462 Domine,

230 2496 387 2576 inquiens
411 2496 512 2558 uirtus
537 2505 570 2559 et
593 2497 751 2559 lortitudo
774 2494 927 2569 fidelium,
951 2493 1108 2557 conculca
1130 2495 1338 2558 insidiantem
1361 2496 1498 2559 nobis²0

231 2604 409 2666 draconem
433 2606 643 2679 teterrimum,
667 2626 708 2668 ne
732 2604 866 2685 quando
889 2601 1099 2685 praeualente
1122 2602 1179 2664 illo
1196 2603 1307 2665 dicant
1323 2612 1463 2684 gentes:

231 2711 285 2773 ubi
317 2720 368 2774 est
399 2712 490 2775 Deus
521 2710 652 2773 eorum?
685 2712 726 2773 ad
759 2711 849 2773 cuius
880 2729 996 2771 uocem
1027 2709 1130 2771 effuso
1165 2711 1309 2791 desuper
1338 2710 1463 2773 lumine

231 2818 363 2881 caelesti
388 2828 421 2880 et
444 2820 547 2881 odore
571 2817 808 2892 inaestimabili,
831 2837 952 2879 nouum
976 2816 1053 2878 illud
1076 2817 1233 2878 orationis
1257 2818 1462 2880 domicilium

231 2926 384 2987 diuinitus
415 2926 607 3000 illustratur,
646 2928 730 2988 adeo
760 2935 797 2987 ut
827 2925 976 3006 dispersa
1008 2924 1102 2986 latius
1136 2925 1254 2985 eadem
1284 2924 1464 3006 flagrantia

231 3044 298 3097 tam
314 3032 420 3114 Hylas
445 3053 543 3116 quam
567 3044 638 3097 tota
660 3034 728 3095 eius
745 3031 967 3093 infunderetur
982 3029 1110 3093 familia.
1134 3041 1349 3094 ueruntamen
1365 3034 1464 3095 iuxta
1473 3052 1496 3089 2⁵

231 3140 490 3204 incredulitatem
514 3161 607 3203 suam
631 3161 697 3202 non
722 3140 783 3201 Dei
808 3140 876 3203 ueri
899 3139 957 3200 sed
982 3139 1118 3200 deorum
1149 3160 1281 3201 suorum
1307 3161 1464 3221 praesen·

231 3250 295 3310 tiae
326 3250 421 3310 istam
446 3248 651 3330 deputabant
674 3248 822 3327 gratiam.
854 3266 953 3327 porro
977 3245 1083 3325 Hylas
1114 3247 1301 3309 curiositate
1330 3233 1463 3323 ductus,

231 3356 308 3435 quid
347 3356 433 3417 intus
472 3366 625 3437 ageretur
663 3376 721 3438 per
759 3353 934 3415 fenestram
973 3352 1188 3435 contemplari
1226 3358 1460 3439 praesumpsit,

231 3462 410 3543 uidensque
441 3472 568 3544 septem
601 3459 736 3543 angelos
768 3460 868 3522 filium
891 3479 985 3520 suum
1008 3460 1259 3522 circumstantes
1279 3470 1314 3523 et
1337 3463 1371 3523 in
1399 3464 1457 3527 Dei

232 3569 380 3631 laudibus
397 3570 517 3649 pariter
532 3569 747 3635 iucundantes
768 3566 937 3648 obstupuit
960 3567 1138 3648 statimque
1160 3566 1269 3629 lumen
1285 3568 1489 3632 oculorumso

232 3677 346 3737 amisit.
378 3677 432 3757 qui
464 3697 621 3759 cumpro
645 3676 817 3739 subitanea
844 3674 1008 3735 caecitatis
1032 3673 1132 3755 plaga
1154 3673 1284 3755 lugubri
1308 3696 1395 3740 uoce
1420 3678 1463 3740 la·

232 3792 447 3857 mentaretur,
478 3783 593 3845 beatus
617 3783 714 3846 Vltus
745 3783 800 3863 pia
830 3781 1059 3862 compassione
1092 3791 1200 3843 motus
1228 3784 1314 3863 patri
1338 3784 1462 3846 miseri·

233 3891 416 3953 cordiarum
447 3910 508 3971 pro
538 3891 684 3952 remedio
716 3890 917 3950 miseriarum
948 3888 1015 3948 eius
1049 3888 1170 3949 deuote
1205 3888 1387 3971 supplicat,
1424 3899 1462 3953 ut

226 3997 383 4067 ‚uidelicet
407 3997 448 4058 de
472 4006 637 4079 potestate
662 3996 871 4059 tenebrarum
894 3992 1068 4057 translatus
1099 3996 1132 4057 in
1162 3994 1342 4058 electorum
1367 4007 1458 4060 sorte

233 4105 367 4167 asscribi
392 4113 577 4167 mereretur.
615 4162 620 4169 ,
1393 4160 1397 4165 .
1468 4130 1496 4168 as

330 4211 576 4277 'Totainterim
599 4209 719 4272 familia
742 4209 907 4271 communi
938 4207 1026 4268 luctu
1049 4228 1110 4289 pro
1134 4218 1227 4271 tanto
1258 4209 1384 4273 domini
1407 4212 1457 4273 sui

227 4318 415 4402 ‚discrimine
440 4318 574 4399 plangit,
599 4316 641 4379 ad
665 4315 844 4398 spectaculi
868 4314 960 4376 huius
983 4314 1163 4377 nouitatem
1187 4316 1305 4397 ingens
1326 4319 1456 4400 propin-

233 4444 370 4506 quorum
402 4435 435 4489 et
465 4426 642 4511 amicorum
675 4422 771 4488 turba
794 4422 936 4507 undique
961 4418 1110 4498 confluit,
1139 4423 1224 4485 inter
1248 4444 1333 4509 quos
1357 4426 1455 4490 etiam
