3167 5025
1266 289 1310 357 47

79 480 184 542 etiam
219 481 252 555 in
285 477 390 541 forma
422 481 507 541 serui
541 500 703 561 apparens
737 477 899 560 corporali
931 476 1080 539 exhibuit
1108 476 1313 557 praesentia,

79 609 209 651 uocans
234 596 267 649 et
292 596 369 669 post
393 608 429 649 se
453 586 595 661 trahens,
620 608 657 650 ac
674 587 927 649 misericorditer
943 586 1130 666 suscipiens
1154 603 1239 663 quos
1254 602 1314 645 sua

78 697 205 777 dignos
237 694 393 757 iudicauit
425 696 538 775 gratia.
571 695 660 756 cuius
684 694 817 776 pietatis
840 691 938 756 solito
962 692 1121 755 exercitio
1151 690 1314 774 ingressus

77 806 181 885 JesuS,
199 800 453 884 perambulabat
478 801 616 873 Jericlra.

62 936 72 972 s
188 910 282 973 Ecce
306 908 530 973 Samaritanus
552 908 605 971 ille
629 908 844 982 iterfaciens
868 907 1107 989 compassionis
1131 905 1237 986 gratia
1260 924 1313 986 ap·

85 1018 288 1100 propinquat
312 1017 350 1093 ei,
373 1016 429 1098 qui
452 1016 494 1079 ab
511 1015 717 1079 Hierusalem
741 1016 946 1078 descendens
962 1014 994 1075 in
1006 1011 1136 1094 Jericho
1155 1011 1315 1074 inciderat

84 1128 113 1189 in
133 1126 296 1199 latrones
320 1133 354 1186 et
377 1123 536 1206 spoliatus
560 1144 599 1186 ac
619 1124 795 1185 semiuiuus
811 1122 995 1196 derelictus,
1018 1122 1120 1204 ipsius
1136 1120 1313 1182 aduentum

86 1232 299 1316 expectabat.
338 1233 428 1313 quod
467 1240 577 1294 autem
616 1230 862 1314 perambulasse
895 1231 1029 1305 dicitur,
1068 1234 1315 1291 consummatae

88 1342 196 1404 salutis
232 1362 318 1423 opus
348 1342 536 1403 insinuatur.
568 1340 692 1403 dictum
722 1348 772 1403 est
796 1340 882 1402 enim
906 1338 971 1401 hoc
994 1346 1111 1401 contra
1134 1337 1315 1419 principem

59 1449 261 1523 alatronum,
286 1469 425 1529 quorum
448 1448 637 1511 uiolentiam
662 1446 854 1510 miserabilis
878 1445 930 1508 ille
954 1445 1201 1507 Hierosolimita
1223 1446 1316 1506 susti·

85 1558 158 1619 nuit.
192 1555 250 1619 hic
283 1556 444 1637 siquidem
468 1555 579 1619 delata
600 1555 784 1637 tyrannidis
809 1576 887 1617 suae
911 1554 1108 1635 euagatione
1131 1554 1164 1615 in
1188 1560 1315 1616 tantum

84 1664 220 1745 gloriari
236 1684 335 1726 ausus
352 1672 411 1739 est,
435 1672 470 1727 ut
487 1664 632 1727 Domino
656 1664 864 1747 percontanti
888 1683 927 1725 ac
949 1662 1087 1725 dicenti:
1111 1660 1195 1723 unde
1217 1660 1315 1732 uerus,

85 1772 306 1855 responderet
330 1771 458 1835 dicens:
490 1772 628 1833 circumi
647 1781 767 1833 terram
790 1781 822 1833 et
837 1769 1066 1852 perambulam
1086 1771 1165 1831 eam.
1198 1768 1316 1829 merito

85 1881 181 1961 igitur
208 1887 244 1941 et
268 1878 430 1941 Dominus
454 1878 660 1962 perambulat
679 1877 818 1959 Jericho‚
850 1877 1035 1941 necessario
1059 1876 1172 1939 circuit
1196 1876 1228 1937 in
1251 1873 1316 1937 hoc

56 2014 77 2051 τε
87 1996 221 2051 nostrae
245 1986 455 2049 mortalitatis
480 1986 595 2061 exilio,
627 1987 669 2049 ad
699 1985 938 2067 insequendum
968 1982 1315 2065 comprehendendum

89 2116 124 2157 ac
145 2094 357 2175 religandum
381 2093 551 2174 antiquum
574 2092 663 2156 illum
687 2093 782 2155 alieni
806 2093 882 2155 iuris
905 2110 1133 2173 peruasorem,
1164 2110 1206 2152 ne
1229 2089 1316 2151 dein·

94 2223 163 2283 ceps
188 2202 328 2266 circuire
351 2200 403 2264 uel
433 2201 660 2283 perambulare
685 2201 806 2264 audeat
829 2211 951 2263 terram
974 2199 1146 2262 dominicis
1169 2198 1317 2279 uestigiis

100 2316 326 2371 consecratam.
364 2308 503 2390 proinde
536 2308 811 2372 considerandum
848 2310 939 2389 quod
976 2307 1043 2369 iam
1080 2307 1316 2389 praemisimus

99 2416 225 2495 qualiter
258 2417 331 2498 ipsa
349 2416 416 2479 Dei
448 2417 608 2498 sapientia
638 2416 737 2479 etiam
769 2416 802 2477 in
820 2415 951 2495 Jericho
979 2422 1202 2497 praeoccupat
1232 2434 1317 2488 eum,

68 2551 90 2576 2ο
98 2526 146 2604 qui
167 2547 202 2588 se
226 2525 471 2608 concupiuerat‚
496 2533 531 2588 ut
554 2525 598 2587 illi
621 2545 656 2587 se
679 2525 768 2607 prior
792 2525 963 2601 ostendat;
988 2522 1157 2604 quomodo
1182 2522 1317 2603 dignum

100 2652 131 2692 se
158 2634 315 2696 circuiens
347 2641 499 2713 quaerat,
531 2641 564 2694 et
595 2633 628 2694 in
659 2633 719 2693 uiis
750 2633 818 2694 suis
848 2631 892 2692 illi
922 2651 958 2693 se
987 2630 1131 2692 hilariter
1154 2628 1316 2691 ostendat.

105 2739 299 2820 subsequitur
331 2740 416 2802 enim
441 2739 645 2822 euangelista
668 2748 702 2801 et
729 2739 824 2802 dicit:
856 2749 887 2800 et
913 2759 981 2800 ecca
1009 2738 1064 2799 uir
1092 2737 1217 2798 namma
1239 2735 1317 2798 Zac·

106 2845 219 2918 claras,
240 2859 267 2910 et
288 2847 343 2909 lu'c
365 2858 436 2909 erat
450 2847 601 2928 prmceps
617 2847 873 2928 publicanorum,
897 2857 928 2909 at
949 2846 1015 2927 lpse
1038 2845 1136 2906 diues.
1161 2845 1239 2924 quid
1258 2843 1317 2905 tibi

103 2953 243 3017 uidetur?
262 2975 373 3018 nonne
397 2954 449 3018 hic
473 2963 524 3017 est
548 2956 602 3035 qui
619 2955 837 3017 descenderat
853 2954 895 3016 ab
912 2952 1118 3015 Hierusalem
1134 2954 1167 3014 in
1179 2949 1318 3031 Jericho‚

63 3070 126 3129 2set
145 3063 307 3126 inciderat
330 3063 362 3125 in
386 3061 551 3125 latrones?
576 3062 654 3142 quid
678 3063 764 3124 enim
788 3071 840 3123 est
863 3061 951 3123 aliud
975 3061 1066 3141 quod
1083 3061 1143 3121 ait:
1167 3059 1244 3140 quia
1266 3057 1319 3120 lu'c

90 3181 156 3234 erat
171 3171 328 3253 princeps
344 3170 592 3251 publicanorum
615 3179 646 3230 et
667 3170 733 3250 ipse
759 3169 874 3230 dz‘uesl
905 3169 1035 3230 diuitias
1066 3169 1205 3248 quippe,
1236 3187 1318 3246 quas

89 3278 127 3340 ab
149 3277 398 3358 Hierosolymis
422 3277 599 3352 detulerat,
630 3276 895 3358 praeualentibus
923 3276 984 3337 sibi
1007 3275 1171 3336 latronum
1195 3274 1318 3336 insidiis

87 3387 288 3466 perdiderat.
319 3384 401 3448 haec
432 3406 520 3460 uer0,
552 3406 617 3465 qua
640 3405 726 3448 nunc
757 3384 882 3466 pollere
913 3383 1086 3445 uidebatur
1110 3381 1318 3456 abundantia,

86 3502 117 3555 et
138 3494 358 3578 principatus
382 3513 449 3573 quo
472 3493 557 3554 inter
580 3491 773 3574 publicanos
801 3491 983 3565 eminebat,
1014 3491 1056 3552 de
1080 3509 1235 3551 mamona
1265 3491 1319 3551 ini·

56 3632 76 3667 ³0
84 3604 223 3684 quitatis
255 3609 333 3663 erat.
364 3600 471 3682 plagis
502 3600 634 3681 quidem
666 3601 828 3682 impositis
851 3599 1026 3661 semiuiuus
1050 3597 1155 3659 luerat
1178 3597 1318 3671 relictus

83 3711 141 3774 sed
186 3711 252 3772 iam
292 3707 484 3790 proficiente
523 3709 577 3790 pia
604 3707 800 3771 Samaritani
839 3708 1025 3769 uisitatione
1065 3717 1246 3780 recreatus,
1285 3714 1319 3766 et

82 3817 334 3901 recuperandae
373 3815 486 3879 salutis
520 3816 683 3878 desiderio
715 3825 785 3877 erat
821 3835 986 3878 accensus,
1025 3813 1197 3894 quaerebat
1231 3814 1318 3874 enim

84 3927 197 3990 uidere
225 3924 349 3997 Jesum,
372 3923 445 4004 quis
468 3933 553 3984 esset.
578 3923 703 3984 acuius
728 3923 876 3984 contuitu
900 3921 976 4002 quia
996 3922 1148 3982 uitiorum
1165 3921 1318 3982 obstante

13 4079 15 4110 2
84 4033 249 4117 languore
273 4032 422 4094 tardatus
445 4032 505 4105 sit,
530 4031 641 4112 typice
666 4031 821 4103 innuitur,
844 4049 919 4091 cum
943 4030 1092 4110 protinus
1117 4029 1318 4108 adiungitur:

13 4131 14 4134 ¹
54 4153 115 4204 sset
137 4151 202 4204 uon
221 4149 351 4221 paleral
365 4151 448 4220 prae
472 4138 573 4209 turba,
601 4137 678 4218 quia
701 4147 828 4198 statura
847 4136 990 4218 pusrllus
1012 4145 1089 4196 erat.
1114 4135 1192 4217 quid
1216 4132 1318 4214 ergo?

87 4247 249 4330 numquid
281 4246 359 4327 qula
388 4255 516 4308 statura
541 4244 684 4326 pusillus
714 4254 799 4316 erat,
831 4252 970 4325 accepto
993 4242 1143 4304 salutaris
1167 4241 1318 4302 desiderii

88 4358 208 4419 ardore
240 4351 455 4435 tepescebat?
485 4352 643 4433 numquid
675 4369 796 4432 paruus
827 4351 997 4432 paruitatis
1021 4369 1100 4411 suae
1124 4355 1274 4429 respectu
1299 4369 1318 4410 a

195 4513 222 4560 4.
244 4497 306 4544 Luc.
330 4509 368 4560 19,
392 4508 413 4543 1.
432 4524 467 4531 —
491 4508 528 4557 13.
549 4496 598 4560 Job
619 4508 641 4554 2,
663 4507 686 4542 2.
706 4522 741 4529 —
761 4506 802 4554 23,
824 4494 884 4540 Luc.
909 4505 947 4556 19,
969 4506 992 4540 2.
1012 4508 1049 4556 sq.
