3167 5025
289 267 331 343 36

288 462 406 524 mentis
430 462 575 543 agilitate
601 471 634 524 et
658 462 895 525 sanctimoniae
918 463 1069 543 puritate,
1093 462 1161 523 sine
1185 480 1250 541 qua
1273 480 1375 521 nemo
1393 457 1512 520 uidebit

288 570 404 643 Deum,
430 570 627 631 contenditis
644 570 770 630 imitari.
795 568 891 630 altius
907 569 950 630 de
967 568 1018 631 his
1034 568 1129 630 uobis
1145 588 1244 649 quam
1260 568 1382 629 ceteris
1400 574 1513 627 morta·

287 676 371 739 libus
395 676 533 738 dilectus
556 676 707 756 loquitur,
731 668 843 739 immo'
856 675 1043 739 familiarius
1063 676 1168 758 ipsam
1184 674 1410 757 susceptionis
1426 671 1514 734 huius

287 785 427 865 gratiam
451 783 609 866 impertiri
630 784 790 864 dignatur.
815 804 880 866 ego
898 792 1007 846 autem
1023 783 1101 846 mihi
1117 785 1264 864 meisque
1280 778 1514 861 coaequalibus

288 893 329 955 de
360 891 415 955 illa
445 891 551 972 magis
574 892 784 973 susceptione
809 891 991 974 applaudo,
1024 912 1090 973 qua
1113 892 1145 954 in
1169 892 1271 953 domo
1294 890 1384 952 Leui
1409 888 1465 968 qui
1488 896 1531 947 etr

288 998 476 1062 Matthaeus
493 997 672 1060 Dominum
688 997 896 1073 honoratum,
911 1000 1012 1062 immo
1029 1019 1150 1081 magna
1165 1000 1291 1080 gratiae
1307 1017 1392 1060 suae
1410 996 1513 1075 digna-

287 1108 378 1169 tione
402 1114 596 1187 peccatores
620 1104 847 1167 consolantem
871 1116 904 1168 et
928 1105 1147 1169 honorantem
1170 1125 1391 1187 recognosce.

395 1212 460 1295 Qui
476 1232 550 1274 cum
566 1212 608 1274 ad
626 1212 764 1294 primam
778 1212 911 1275 Domini
926 1214 1102 1275 iussionem
1118 1212 1233 1275 relicto
1250 1211 1366 1275 telonii
1383 1210 1511 1291 negotio
1563 1253 1565 1256 -

287 1320 428 1383 iubentis
451 1321 590 1402 uestigia
614 1329 744 1382 secutus
768 1318 899 1394 fuisset,
922 1340 1078 1402 magnum
1102 1322 1131 1383 ei
1154 1321 1304 1403 protinus
1328 1318 1507 1381 conuiuium
1563 1313 1565 1320 '

288 1430 319 1490 in
352 1429 453 1490 domo
486 1449 545 1490 sua
567 1426 683 1490 fecisse
707 1426 905 1509 perhibetur.
937 1448 997 1510 per
1019 1428 1201 1491 exteriores
1224 1428 1311 1491 enim
1335 1425 1459 1509 epulas
1478 1424 1529 1484 in·=⁰

289 1535 413 1598 uisibile
430 1534 508 1597 illud
525 1536 710 1598 conuiuium
725 1536 944 1597 demonstrari
960 1535 1082 1610 debuit,
1097 1536 1188 1616 quod
1205 1557 1265 1617 per
1280 1534 1508 1618 paenitentiam

288 1652 321 1704 et
345 1644 593 1705 conuersionem
617 1643 649 1705 in
674 1644 782 1706 cordis
799 1644 847 1706 sui
864 1642 1029 1705 domicilio
1045 1641 1199 1705 saluatori
1217 1642 1378 1705 exhibere
1397 1640 1508 1702 meruit
1563 1719 1565 1722 Ι

288 1760 321 1813 et
352 1750 436 1812 bene
469 1759 695 1832 susceptorem
726 1770 821 1813 suum
852 1749 997 1832 hospitio
1026 1752 1193 1833 suscipere
1216 1750 1367 1823 festinat,
1401 1749 1456 1829 qui
1476 1745 1507 1807 ad
1563 1765 1565 1802 ;

288 1858 530 1941 suscipiendam
554 1858 596 1920 ab
620 1858 693 1940 ipso
717 1857 927 1931 contribulati
950 1857 1082 1939 spiritus
1107 1856 1249 1920 hostiam
1273 1855 1507 1919 misericordiae
1563 1925 1565 1928 Ι

288 1966 393 2027 sinum
425 1972 606 2047 aperuerat.
637 1964 713 2025 ideo
737 1965 837 2026 etiam
860 1984 959 2044 quam
982 1964 1126 2026 maxime
1150 1984 1169 2027 a
1192 1962 1367 2027 Matthaeo
1393 1965 1428 2025 in
1451 1964 1527 2043 ipsos

290 2073 514 2135 conuersionis
539 2072 607 2133 eius
631 2071 723 2133 initio
740 2070 902 2133 Dominus
927 2071 1047 2153 suscipi
1071 2069 1183 2146 uoluit,
1205 2073 1366 2153 quoniam
1384 2068 1499 2132 aliorum

289 2200 421 2260 quoque
435 2178 531 2240 saluti
543 2177 628 2241 hanc
640 2179 772 2260 pietatis
786 2198 864 2239 suae
877 2178 1103 2258 dignationem
1115 2178 1318 2259 profuturam
1331 2175 1501 2259 praesciuit

289 2306 384 2347 uerus
412 2286 498 2347 enim
522 2286 702 2347 animarum
726 2292 912 2346 nostrarum
935 2285 1090 2359 medicus
1114 2286 1170 2366 qui
1193 2285 1374 2367 languores
1389 2291 1505 2347 nostros

289 2402 321 2455 et
338 2392 470 2454 dolores
487 2400 619 2474 portare
629 2400 771 2467 uenerat,
784 2411 852 2453 non
860 2390 967 2455 solum
976 2391 1173 2471 aequalitate
1182 2401 1317 2454 naturae
1329 2389 1508 2455 homiuibus

289 2521 480 2582 congruere,
504 2499 563 2562 sed
580 2508 614 2562 et
630 2499 869 2582 compassionis
885 2500 1131 2581 dispensatione
1148 2500 1384 2582 peccatoribus
1398 2500 1428 2560 in
1442 2506 1528 2576 pro-²⁰

288 2608 390 2670 fundo
407 2607 567 2669 malorum
583 2606 765 2668 iacentibus
782 2606 1049 2668 condescendere
1065 2607 1282 2688 disposuerat,
1298 2618 1334 2670 ut
1352 2601 1507 2669 miseratio

288 2715 483 2788 subleuaret,
507 2734 590 2795 quos
614 2713 767 2793 iniquitas
791 2713 1006 2794 depresserat.
1030 2713 1110 2774 inito
1135 2733 1216 2794 ergo
1239 2715 1272 2776 in
1295 2715 1403 2777 domo
1418 2705 1505 2794 publi-

288 2823 361 2884 cani
384 2822 544 2894 conuiui0,
568 2831 639 2882 erat
660 2821 761 2882 turba'
777 2820 880 2881 nrrilta
891 2819 1139 2900 publicanorum
1154 2830 1185 2882 et
1198 2821 1348 2893 alibrum,
1376 2819 1435 2902 qui
1447 2833 1504 2877 cun

290 2929 360 2992 illis
383 2939 477 2992 erant
491 2927 726 2990 discumbentes.
752 2947 830 2990 ecce
847 2926 971 2989 fructus
987 2927 1172 2989 dominicae
1188 2930 1419 3011 susceptionis
1442 2939 1502 2986 ecce

257 3107 260 3111 ⁴
288 3057 386 3118 quam
411 3034 529 3098 efficax
553 3035 660 3116 gratia
683 3035 824 3097 conuiuii
846 3033 1004 3096 salutaris,
1036 3054 1110 3097 cum
1134 3035 1166 3096 in
1190 3036 1284 3096 unius
1308 3033 1460 3098 conuersi
1475 3033 1517 3086 etr
1563 3094 1564 3099 ,

288 3145 487 3227 paenitentis
519 3143 620 3204 domo
653 3142 828 3223 suscipitur
850 3142 1011 3204 Dominus
1043 3150 1076 3204 et
1099 3142 1309 3217 conuiuatur,
1341 3131 1499 3206 multisad

287 3251 412 3314 fontem
445 3251 530 3312 uitae
562 3250 669 3312 aditus
700 3248 904 3330 indulgetur,
935 3247 1054 3338 plures
1076 3249 1118 3310 ad
1150 3247 1302 3311 fiduciam
1333 3244 1502 3332 sperandae

287 3358 400 3420 salutis
425 3358 615 3420 animantur.
640 3356 700 3418 sed
724 3355 886 3438 pharisaei
910 3363 943 3416 et
965 3356 1091 3417 scribae
1108 3356 1149 3417 de
1166 3377 1225 3417 sua
1240 3357 1364 3420 iustitia
1380 3353 1504 3438 glorian·
1563 3382 1565 3445 ἶ

287 3475 354 3539 teS,
386 3485 492 3544 neque
524 3465 631 3544 gratia
661 3485 734 3524 sese
765 3463 913 3543 indigere
945 3462 1156 3535 arbitranteS,
1187 3482 1249 3524 nec
1273 3473 1386 3526 tamen
1411 3463 1503 3542 ipsum
1563 3452 1565 3499 l

287 3573 413 3653 gratiae
438 3579 606 3632 auctorem
632 3570 739 3631 uerbis
763 3569 874 3651 palam
898 3569 1035 3649 aggredi
1058 3577 1315 3650 praesumentes
1340 3579 1528 3632 murmura-³0

288 3679 368 3741 bant
393 3678 435 3739 ad
459 3675 636 3758 discipulos
660 3677 728 3738 eius
752 3676 917 3738 dicentes:
941 3697 1039 3757 quinne
1062 3696 1134 3735 cum
1152 3675 1338 3755 publicanis
1360 3687 1393 3738 et
1407 3686 1504 3756 pecca·

287 3785 407 3847 loribus
430 3783 636 3845 manducatis
659 3793 690 3844 et
711 3781 841 3844 enirn>

394 3890 424 3954 O
456 3910 555 3971 quam
584 3889 680 3950 alieni
710 3911 730 3951 a
753 3889 863 3952 diuina
892 3886 1076 3950 uisitatione
1108 3885 1161 3946 isti
1192 3885 1334 3963 fuerant,
1366 3905 1448 3971 quos
1469 3878 1504 3940 de

287 4002 426 4080 inpenso
450 3996 519 4059 aliis
553 4016 686 4058 munere
710 3997 831 4059 inuidia
854 3993 1044 4074 torquebat,
1068 3993 1201 4071 quando
1225 3997 1312 4058 enim
1336 3993 1503 4057 Dominum

287 4106 452 4187 suscipere
484 4105 545 4186 ipsi
576 4113 792 4178 mererentur,
825 4104 880 4183 qui
910 4107 1100 4180 susceptum
1124 4098 1255 4163 alterius
1279 4103 1454 4165 deuotione
1475 4097 1530 4150 et³⁵

287 4213 517 4275 conuiuantem
547 4211 697 4292 improbe
732 4204 990 4273 calumniantur?
1021 4205 1090 4285 ipse
1121 4214 1230 4268 autem
1254 4229 1316 4290 pro
1340 4199 1502 4286 discipulis,

286 4320 342 4402 qui
369 4317 565 4400 interrogati
595 4317 738 4392 fuerant,
771 4311 1060 4380 calumniatoribus
1091 4315 1261 4397 respondit
1290 4316 1418 4383 dicens:
1447 4320 1502 4370 uun

393 4475 434 4531 24.
455 4461 517 4511 Luc.
538 4469 561 4522 5,
583 4471 623 4532 29.
644 4489 679 4496 -
699 4470 741 4521 32.
763 4458 824 4512 Luc.
845 4464 868 4525 5,
890 4465 931 4516 3ο,
