3167 5025
233 239 275 301 30

231 420 332 483 uitam
364 441 424 501 per
455 420 602 483 oblatum
627 420 700 483 Deo
732 422 926 502 uirginitatis
958 430 1072 483 uotum
1103 422 1262 483 audenter
1285 421 1471 493 accedunt,

231 550 292 592 nos
322 550 400 591 uero
432 530 473 591 ad
498 530 722 611 appetendum
746 537 858 591 tantae
881 529 1088 591 sublimitatis
1112 530 1251 611 gradum
1275 529 1400 611 trepidi
1428 547 1471 589 ac

231 638 330 719 pigri,
362 638 486 698 utinam
517 637 569 699 uel
599 638 631 699 in
663 637 892 701 communibus
923 638 1053 701 diuinae
1084 638 1166 719 legis
1195 638 1383 720 praeceptis
1412 636 1473 697 ali·

229 753 354 825 quanta
388 745 594 807 innocentiae
631 745 841 807 obseruantia
878 748 1064 809 conuersari
1095 746 1296 809 studeamus,
1330 745 1472 807 illarum

231 854 402 915 audaciam
426 854 505 935 ipse,
530 874 627 934 quem
645 873 838 935 expugnare
855 853 1039 929 moliuntur,
1062 853 1175 916 horret
1193 854 1350 927 inimicus
1373 854 1473 915 sicut
1498 875 1511 912 s

231 962 272 1024 de
304 970 418 1023 sancta
444 961 556 1041 Judith
588 982 699 1023 earum
731 960 955 1024 exhortatrice
988 963 1146 1044 scriptum
1171 971 1237 1024 est:
1268 961 1476 1023 tonuerunt

230 1070 348 1132 Persae
370 1069 585 1133 constantiam
609 1069 689 1140 eius,
714 1079 745 1131 et
765 1069 860 1131 Medi
880 1069 1055 1131 audactam
1078 1071 1154 1132 eius.
1186 1071 1311 1133 aluerat
1334 1069 1474 1150 quippe
1567 1073 1569 1120 ἑ

231 1178 402 1239 audaciam
426 1176 512 1240 hanc
535 1178 629 1239 iuxta
652 1178 749 1239 ritum
766 1177 934 1259 uirginalis
949 1179 1120 1240 custodiae
1135 1180 1221 1240 intra
1236 1177 1473 1240 continentiae

232 1284 381 1357 claustra,
406 1305 490 1365 quae
515 1284 629 1347 fecisse
646 1286 706 1346 sibi
723 1284 824 1347 fertur
838 1287 870 1348 in
888 1286 1109 1368 superioribus
1126 1287 1245 1349 domus
1261 1307 1338 1348 suae
1354 1304 1473 1346 secre-

231 1400 300 1453 tum
325 1391 517 1466 cubiculum,
540 1393 641 1453 immo
666 1394 852 1466 oratorium,
876 1395 908 1454 in
932 1413 999 1475 quo
1023 1414 1097 1456 cum
1121 1393 1237 1475 puellis
1260 1394 1326 1456 suis
1347 1391 1474 1455 clausa
1483 1413 1504 1438 10

231 1498 428 1561 morabatur.
453 1499 516 1561 illic
540 1500 625 1560 enim
650 1500 816 1561 uiduitatis
832 1520 909 1562 suae
926 1500 1169 1562 consolatorem
1186 1502 1471 1582 praestolabatur,

233 1608 339 1669 sciens
370 1608 446 1687 quia
479 1608 602 1669 bonum
636 1616 686 1669 est
717 1608 911 1690 praestolari
943 1628 1017 1670 cum
1048 1608 1178 1671 silentio
1209 1609 1349 1671 salutare
1382 1612 1469 1672 eius

232 1716 318 1777 unde
352 1724 384 1776 et
416 1716 504 1797 apud
534 1714 748 1777 Holofernem
780 1716 927 1779 eiusdem
958 1718 1076 1779 secreti
1107 1719 1247 1797 gratiam
1279 1726 1313 1779 et
1342 1717 1468 1779 solitae

232 1824 389 1884 orationis
413 1822 576 1884 licentiam
601 1824 749 1885 obtinere
766 1826 892 1896 meruit,
915 1824 1022 1885 donec
1037 1824 1194 1886 inuictum
1211 1827 1328 1887 ceteris
1344 1834 1470 1888 sancta

233 1930 410 1993 calliditate
428 1932 649 2005 circumuenit,
666 1940 700 1991 et
712 1930 905 1992 fiducialiter
920 1930 1141 2012 triumphauit.
1157 1931 1239 1994 haec
1255 1940 1331 1994 sunt
1343 1932 1468 1995 fratres
1478 1957 1498 1993 1⁵

232 2040 305 2113 mei,
329 2038 410 2100 haec
434 2047 510 2100 sunt
529 2038 698 2099 utilissima
714 2037 881 2118 religionis
898 2048 1030 2101 nostrae
1047 2048 1080 2100 et
1097 2040 1342 2102 conseruandae
1358 2040 1467 2103 humi·

232 2146 331 2208 litatis
355 2148 582 2209 incitamenta:
606 2166 737 2227 semper
760 2146 792 2206 in
817 2144 886 2206 aliis
908 2147 1116 2208 considerare
1132 2146 1329 2223 sublimiora,
1352 2168 1467 2231 neque

233 2254 341 2316 cordis
365 2253 478 2316 oculos
503 2253 544 2315 ab
568 2254 726 2316 intuenda
749 2250 924 2315 deflectere
948 2252 1135 2316 infirmitate
1158 2256 1298 2336 propria.

649 2485 959 2550 CAPITVLVM
983 2486 1044 2550 Xl.

470 2634 524 2692 De
547 2633 660 2710 prima
684 2633 781 2694 uerbi
805 2633 975 2694 incarnati
999 2633 1232 2711 susceptione.
1471 2653 1497 2677 20

341 2792 530 2854 Praemissis
556 2793 763 2871 antiquorum
788 2801 919 2872 patrum
943 2791 1122 2874 exempliS,
1146 2792 1263 2873 quibus
1286 2795 1464 2856 ostendere

238 2901 344 2974 uolui,
376 2900 488 2981 quales
520 2921 555 2960 se
587 2909 798 2981 susceptores
832 2900 960 2961 diuinae
992 2901 1171 2963 obtulerint
1202 2902 1381 2963 uisitationi
1405 2922 1466 2983 per

238 3007 374 3089 angelos
406 3009 594 3089 apparenti,
626 3027 712 3069 nunc
745 3007 884 3088 qualiter
915 3009 985 3088 ipse
1009 3010 1127 3069 summi
1150 3010 1252 3090 patris
1276 3009 1466 3088 unigenitus

232 3117 265 3176 in
295 3115 400 3176 forma
430 3117 514 3177 serui
547 3137 567 3176 a
597 3117 699 3177 seruis
731 3115 781 3177 uel
814 3118 1023 3197 susceptione
1056 3116 1168 3177 debita
1199 3114 1380 3177 honoratus
1414 3115 1466 3177 uel

234 3224 438 3305 contemptui
462 3223 601 3296 habitus,
627 3232 659 3284 et
683 3222 724 3284 ab
749 3224 828 3304 ipsis
845 3243 928 3302 quos
951 3222 1133 3285 inhabitare
1158 3231 1292 3284 uenerat
1309 3222 1466 3285 exclusus
1475 3254 1494 3289 25

233 3328 337 3404 luerit,
362 3330 440 3392 libet
464 3330 589 3392 intueri.
613 3331 646 3391 in
670 3329 731 3391 hac
756 3330 842 3390 enim
866 3339 960 3411 parte
984 3330 1188 3392 euidentiora
1211 3330 1398 3392 deuotionis
1423 3333 1466 3392 in·

234 3439 411 3500 citamenta
434 3439 642 3519 reperiemus,
668 3445 784 3518 utpote
809 3438 863 3516 qui
887 3437 928 3498 de
953 3436 1070 3498 umbra
1093 3436 1175 3517 legis
1199 3437 1241 3497 ad
1259 3436 1366 3498 lucem
1384 3439 1466 3499 ueri·

234 3547 311 3608 tatis
343 3546 573 3607 transierimus
606 3544 768 3626 prioribus
801 3545 924 3624 quippe
955 3543 1094 3606 saeculis
1127 3564 1187 3625 per
1210 3543 1347 3623 angelos
1372 3544 1466 3606 Deus

234 3654 395 3735 apparuit,
419 3651 515 3714 nobis
540 3673 599 3733 per
623 3659 834 3713 coaeternam
854 3651 915 3713 sibi
932 3652 1126 3732 sapientiam
1142 3652 1175 3712 in
1192 3670 1288 3712 carne
1306 3671 1465 3732 apparen-

235 3769 302 3822 tem
327 3761 483 3821 innotuit:
515 3759 575 3821 illis
601 3758 779 3840 figurarum
804 3758 993 3839 aenigmata
1015 3758 1202 3840 proposuit,
1234 3757 1329 3819 nobis
1354 3757 1498 3825 diuini-30

235 3869 313 3929 tatis
330 3888 408 3928 suae
425 3877 552 3929 secreta
574 3866 739 3929 reuelauit.
757 3866 909 3946 equidem
927 3868 1032 3947 prima
1046 3864 1203 3944 unigeniti
1220 3864 1282 3926 Dei
1297 3867 1466 3946 susceptio

234 3976 319 4038 adeo
344 3983 394 4036 est
418 3974 587 4036 ineffabilis
612 3983 645 4035 et
668 3972 951 4054 incomparabiliS,
982 3981 1018 4032 ut
1041 3970 1127 4031 hanc
1150 3971 1346 4050 perscrutari
1371 3991 1466 4033 mens

234 4083 377 4144 humana
401 4102 468 4144 non
485 4082 613 4154 audeat,
638 4100 753 4142 sensus
771 4078 995 4160 obstupescat,
1018 4077 1130 4157 lingua
1145 4075 1300 4139 deficiens
1317 4076 1466 4139 'obmute-

235 4199 313 4252 scat.
339 4188 410 4251 sola
434 4189 515 4250 fides
540 4188 623 4250 tanti
647 4185 852 4267 aliquatenus
876 4205 984 4267 capax
1009 4193 1058 4245 est
1083 4185 1247 4265 mysterii,
1279 4184 1369 4264 quod
1394 4184 1466 4265 ipsa

235 4297 379 4359 fidelium
403 4297 537 4358 deuotio
563 4295 619 4356 uix
645 4293 744 4374 digna
769 4294 980 4354 ueneratione
1004 4290 1092 4352 ualet
1117 4290 1279 4372 ampleeti.
1308 4298 1341 4351 et
1365 4311 1496 4370 quamsi

344 4450 365 4499 7.
386 4438 482 4501 Judith.
507 4433 544 4496 ll),
569 4448 606 4484 12.
627 4463 662 4470 -
685 4430 722 4482 16.
744 4432 854 4482 utillima
873 4433 929 4481 cod.
