3167 5025
251 160 295 237 46

251 355 403 424 timentes*
417 353 547 425 Deum,¹
561 354 595 417 tn
617 348 730 436 quibus
752 346 798 417 sc't
818 345 938 416 uen‘tat
961 345 1071 436 etqui
1089 344 1216 415 oden'ect
1236 343 1431 424 nuncetiam,
1453 356 1479 414 cl
1554 419 1555 422 Ἴ

251 462 403 525 constitue
425 483 467 523 ex
488 462 535 529 eis
557 460 699 525 tn‘bunos
713 468 744 524 et
757 463 960 534 centuriones,
983 462 1274 545 'qrcc'nquogenan‘os
1290 457 1324 522 et
1338 460 1479 532 decanos,
1554 485 1555 536 ᾗ

252 570 313 652 qui
328 570 481 633 'iudicent
505 570 661 651 populum
693 571 783 633 omm'
812 573 955 653 tempore.
990 591 1120 642 seruum
1153 571 1252 632 etiam
1287 564 1481 633 necessariis
1552 585 1555 598 ·

254 678 489 739 oboedientem
527 678 711 739 ministeriis
743 677 862 758 singuli
894 677 1108 753 haberemus,
1124 735 1126 741 .
1145 679 1173 739 si
1211 696 1285 739 cum
1327 675 1479 758 apostolo
1554 729 1555 732 ,

251 786 411 847 ueraciter
449 785 558 849 dicere
597 804 786 867 possemus:
825 786 946 867 castigo
976 799 1089 867 cerpus
1121 784 1224 847 meum
1263 794 1297 846 et
1336 784 1506 846 seruitutis

250 892 391 955 subicio·
416 891 468 954 hie
499 900 549 954 est
581 894 667 959 enim
698 913 812 955 seruus
843 892 912 968 ille',
945 895 1001 974 qui
1030 891 1123 955 facile
1154 889 1355 968 infirmatur,
1389 892 1478 953 uariis

251 1000 402 1063 uitiorum
427 1000 638 1080 languoribus
663 1010 914 1082 praegrauatur,
945 1002 1030 1070 adeo
1054 1010 1089 1062 ut
1113 1021 1173 1063 nec
1197 1000 1387 1082 apostolica
1412 998 1480 1059 eum

249 1107 408 1169 industria
440 1106 516 1170 licet
549 1108 762 1187 castigatum,
784 1108 870 1170 'licet
902 1110 1050 1170 seruituti
1080 1105 1280 1183 subiectum,
1315 1106 1478 1190 perfectae

249 1214 381 1276 sanitati
404 1214 543 1277 reddere
567 1216 719 1296 potuerit.
750 1216 896 1297 queritur
918 1217 1004 1277 enim
1028 1216 1070 1277 de
1094 1216 1225 1277 assidua
1248 1216 1319 1276 eius
1346 1214 1479 1293 aegritu·

249 1323 326 1383 dine
350 1322 478 1384 dicens:
511 1319 603 1383 uideo
621 1321 737 1385 aliam
768 1322 866 1404 legem
898 1324 932 1384 in
956 1323 1104 1385 membris
1117 1323 1220 1394 meis,
1251 1330 1477 1404 repugnantem
1485 1339 1499 1363 ¹⁰
1559 1313 1561 1335 '

249 1428 315 1510 legi
337 1429 459 1492 ¹mentr's
491 1450 585 1492 meae.
625 1438 658 1491 et
692 1430 785 1510 quasi
819 1432 917 1492 morti
949 1432 1138 1512 proximum
1170 1431 1314 1492 eundem
1352 1446 1476 1491 seruum

249 1534 426 1617 deplorans
442 1536 606 1616 adiungit:
631 1536 750 1617 infelix
772 1558 828 1617 ege
850 1536 951 1609 tonza,
975 1537 1047 1619 quis
1070 1558 1119 1599 me
1134 1537 1282 1599 liberabit
1296 1536 1338 1597 de
1354 1547 1476 1617 corpore

248 1644 360 1707 enectis
382 1642 503 1706 lectites?
580 1674 582 1681 ·

355 1749 455 1832 Quod
479 1752 506 1811 si
522 1751 593 1833 ipse
609 1750 728 1813 doctor
743 1752 899 1831 gentium,
923 1750 1073 1833 specialis
1089 1750 1243 1818 fundator
1258 1749 1474 1820 ecclesiarum,
1559 1796 1561 1806 ,

249 1865 316 1927 tam
334 1859 435 1921 anxio
460 1857 571 1920 labore
596 1860 682 1921 circa
706 1867 934 1939 aegrotantem
958 1859 1098 1921 desudat
1115 1878 1262 1920 seruum:
1286 1857 1369 1939 quid
1387 1855 1497 1917 nobis¹⁵
1559 1839 1561 1842 ⁵

248 1973 299 2026 est
315 1964 509 2040 laciendum,
531 1965 916 2045 quibusmedicamentis
939 1975 1088 2027 nostrum
1105 1965 1290 2027 curabimus
1307 1963 1473 2032 infirmum,
1559 1963 1561 1974 '

248 2074 350 2134 immo
382 2073 500 2153 qulbus
529 2072 722 2153 disciplinae
753 2070 831 2134 loris
862 2072 1018 2135 rebellem
1049 2073 1144 2134 nobis
1175 2071 1408 2134 cohibebimus
1440 2067 1469 2128 l·

247 2178 391 2242 mulum?
430 2180 513 2241 sicut
547 2180 632 2241 e'nim
666 2179 825 2244 aduersus
856 2178 1073 2243 Salomonem
1102 2180 1176 2241 Deo
1209 2175 1472 2241 inoboedientem

247 2288 422 2349 suscitatus
455 2294 504 2347 est
538 2286 740 2348 Hieroboam
773 2291 898 2349 seruus
918 2288 1004 2361 eius,
1043 2306 1175 2348 manum
1209 2295 1328 2348 contra
1361 2302 1473 2364 regem,

247 2393 413 2463 leuaturas
445 2402 477 2455 et
509 2393 667 2475 populum
693 2393 798 2457 'Israel
830 2396 872 2457 ad
903 2393 1088 2457 idolatriam
1120 2395 1315 2457 seducturus
1325 2438 1345 2469 ,‚
1374 2395 1417 2455 ita
1444 2398 1499 2450 eta

248 2502 343 2565 nobis
368 2501 497 2564 diuinae
521 2501 586 2583 legi
609 2502 869 2585 repugnantibus
893 2512 1006 2565 noster
1026 2504 1159 2584 quoque
1177 2513 1344 2585 repugnat
1360 2518 1468 2564 seruus.

246 2611 386 2693 primam
410 2608 495 2672 hanc
520 2611 581 2692 ipsi
606 2618 756 2672 auctores
780 2611 910 2691 generis
930 2612 1033 2672 nostri
1050 2609 1252 2693 pertulerunt
1268 2608 1468 2672 inoboedien-

246 2719 310 2780 tiae
342 2737 500 2799 poenam,
533 2717 763 2779 erubescentes
793 2725 870 2799 post
894 2717 1024 2799 eulpam
1048 2737 1180 2780 carnem
1204 2717 1318 2779 uidere
1343 2715 1469 2787 nudam;
1558 2716 1559 2719 ’

243 2825 302 2906 qui
333 2825 359 2886 si
391 2824 596 2886 innocentiae
624 2821 744 2884 stolam
768 2823 1000 2885 inmaculatam
1024 2823 1275 2898 custodissent,
1293 2823 1385 2885 nullo
1415 2818 1469 2881 alio

248 2930 410 2994 uelamine
434 2931 476 2993 ad
501 2932 746 3011 contegendum
762 2932 924 3013 pudorem
940 2932 1115 3012 eguissent.
1140 2929 1218 2991 mihi
1235 2951 1314 2991 uero
1332 2930 1468 3007 meisque
1475 2947 1490 2980 2³·

248 3037 405 3100 similibus
437 3037 627 3120 disciplinae
659 3038 719 3100 sibi
748 3037 838 3100 frena
860 3039 990 3100 incaute
1014 3036 1202 3099 laxantibus
1225 3036 1303 3098 illud
1329 3035 1465 3098 euenisse

246 3165 314 3206 non
338 3145 473 3208 dubium
498 3155 556 3221 est,
589 3147 679 3227 quod
703 3146 735 3206 in
759 3145 942 3227 prouerbiis
965 3145 1098 3210 dicitur:
1129 3145 1187 3225 qui
1207 3143 1342 3205 delicate
1364 3165 1386 3204 a
1404 3153 1467 3223 prcc-

246 3252 325 3314 entzct
357 3254 460 3316 nectrr't
488 3275 615 3316 sernum
646 3274 756 3325 suum,
780 3232 893 3334 postea
924 3252 1018 3314 illum
1049 3252 1161 3315 sentiet
1186 3261 1410 3312 contumacem.
1433 3243 1468 3307 ad
1559 3254 1561 3341 l

246 3360 337 3421 cuius
376 3360 616 3423 contumaciam
655 3360 897 3443 reprimendam
932 3358 984 3420 uel
1015 3358 1252 3439 aegritudinem
1294 3356 1469 3419 sanandam
1559 3344 1561 3421 l

246 3467 410 3528 imitemur
440 3467 528 3528 beati
560 3467 757 3528 centurionis
788 3465 872 3527 illius
903 3465 1111 3540 industriam,
1143 3486 1208 3546 qua
1235 3466 1321 3527 cirea
1345 3477 1495 3526 seruums⁰

245 3591 339 3633 suum
363 3580 413 3633 est
437 3593 522 3647 usuS,
546 3575 601 3654 qui
625 3574 654 3635 ei
677 3573 775 3634 luisse
800 3573 918 3634 dicitur
941 3572 1113 3653 pretiosus.
1137 3591 1213 3632 nam
1238 3581 1271 3632 et
1292 3571 1346 3634 hic
1361 3585 1467 3633 seruus
1559 3562 1561 3611 l

244 3688 358 3750 noster
373 3681 537 3760 pretiosus
553 3678 649 3742 nobis
666 3688 738 3741 esse
755 3679 886 3760 poterit,
910 3679 937 3738 si
953 3679 1072 3740 rectori
1088 3678 1213 3758 spiritui
1230 3678 1465 3760 obtemperans,
1559 3660 1561 3788 J

245 3785 410 3866 deputatis
441 3785 515 3848 sibi
532 3785 647 3850 officiis
679 3784 826 3847 studiose
857 3785 1055 3858 inseruierit,
1085 3785 1112 3844 si
1135 3784 1333 3865 disponente
1357 3781 1463 3866 spiritu
1558 3792 1559 3803 ¹

245 3912 329 3971 quae
354 3895 484 3973 agenda
507 3902 582 3956 sunt
606 3913 645 3956 ac
669 3893 816 3966 dicente:
848 3892 932 3954 uade
955 3892 1063 3965 uadit,
1095 3891 1169 3951 ueni
1193 3893 1299 3967 uenit,
1330 3891 1380 3953 lac
1406 3887 1464 3948 hoc

244 3999 469 4062 incunctanter
493 3999 578 4066 lacit.
1470 4011 1490 4049 ³⁵

351 4104 521 4168 Continuis
544 4106 643 4185 igitur
667 4105 753 4166 uotis
777 4105 929 4186 precibus
953 4111 985 4164 et
1009 4102 1165 4179 lacrimis,
1197 4107 1289 4186 quasi
1320 4102 1461 4167 fidelibus

255 4263 258 4270 ·
351 4258 374 4308 3.
395 4247 443 4296 Ex.
466 4247 504 4308 18,
525 4260 566 4302 ar.
587 4273 622 4282 -
643 4255 665 4308 5.
686 4247 705 4293 Ι.
727 4247 785 4294 Cor.
806 4262 830 4309 9,
851 4256 892 4306 27.
912 4271 947 4280 -
970 4242 1008 4306 13.
1029 4247 1103 4294 Rom.
1126 4257 1148 4308 7,
1170 4259 1210 4309 23,
1231 4265 1267 4312 sq,
1281 4275 1316 4283 -
1331 4247 1370 4296 28.
1390 4245 1456 4292 Prou.
1552 4210 1555 4248 ³

243 4345 285 4398 29,
306 4347 348 4383 21.
