3167 5025
355 399 574 484 Susceptores
604 418 686 484 ergo
716 420 795 467 suos
826 422 974 486 congrua
1003 411 1115 467 tantae
1142 401 1379 488 praecursionis
1399 400 1506 465 uisi·

250 509 374 573 tatione
397 510 512 573 instrui
533 518 567 573 et
582 512 771 593 praeparari
794 512 982 601 oportebat,
1005 514 1287 595 quemadmodum
1309 512 1376 575 sole
1397 513 1506 573 irra-

249 617 390 679 diandos
427 618 644 699 praeueniens
681 639 744 681 nos
781 640 901 682 aurora
930 620 1079 683 illustrat.
1117 622 1323 684 commodius
1352 620 1505 701 quippe

249 725 328 789 solis
351 724 512 807 fulgorem
536 724 724 802 toleramus,
748 748 824 789 cum
839 729 1033 811 depressum
1053 739 1214 793 nocturna
1236 731 1347 811 quiete
1370 729 1500 789 uisum

250 834 461 896 moderatiori
496 854 634 897 aurorae
664 834 785 897 lumine
820 839 1186 919 contemperauerimus
1224 856 1334 900 nonne
1368 834 1528 896 eidems

249 941 373 1023 figurae
408 939 579 1025 psalmista
613 962 745 1024 quoque
777 944 921 1007 concinit
956 944 1085 1007 dicens:
1119 946 1180 1007 iter
1204 943 1311 1025 facite
1343 942 1390 1013 ci,
1424 940 1507 1023 qui

248 1048 395 1113 ascendit
422 1061 520 1130 super
547 1052 718 1113 occasum?
747 1072 856 1133 neque
887 1052 974 1113 enim
1004 1052 1166 1115 ullatenus
1197 1053 1305 1134 ipsum
1336 1052 1500 1114 iustitiae

249 1156 354 1220 solem
376 1158 545 1239 suscipere
569 1176 784 1233 mereremur,
810 1160 874 1221 nisi
896 1169 1077 1241 praeeunte
1098 1160 1132 1222 in
1155 1158 1378 1242 praeconibus
1402 1159 1499 1219 ueri·

248 1265 326 1327 tatis
356 1264 477 1327 lumine
507 1264 673 1341 illustrati,
711 1267 902 1348 capaciores
932 1265 1144 1335 efficeremur.
1181 1288 1242 1351 per
1271 1266 1370 1329 binos
1401 1285 1499 1327 uero

248 1392 495 1455 praecursores,
518 1373 597 1454 quid
620 1372 707 1435 aliud
731 1394 832 1454 quam
855 1374 1007 1456 geminae
1029 1376 1175 1438 caritatis
1198 1376 1307 1457 gratia
1327 1374 1497 1441 inuuitrrr.
1510 1391 1538 1415 ¹⁰

249 1500 315 1561 qua
337 1480 514 1563 praecipue
537 1480 580 1542 a'd
596 1481 841 1563 suscipiendum
857 1482 966 1544 Deum
990 1483 1094 1545 corda
1115 1481 1261 1545 fidelium
1284 1501 1498 1565 praeparan-

248 1586 322 1650 tur?
352 1596 387 1649 et
409 1586 492 1651 haec
514 1588 649 1670 quidem
672 1590 871 1671 generaliter
892 1590 936 1653 de
959 1591 1147 1673 praemissis
1169 1600 1247 1653 ante
1269 1589 1390 1654 faciem
1417 1590 1496 1652 eius

248 1695 467 1778 praeconibus
491 1697 676 1760 dictasint.
700 1706 848 1761 ceterum
870 1696 913 1772 hi,
935 1698 991 1779 qui
1015 1700 1181 1780 praesenti
1204 1698 1280 1761 loco
1303 1698 1399 1761 missi
1416 1718 1496 1780 per-

247 1801 416 1879 hibentur,
447 1802 563 1867 Petrus
594 1803 746 1867 uidelicet
778 1814 812 1867 et
838 1804 998 1885 loannes,
1030 1826 1130 1887 quem
1160 1808 1340 1889 praecipue
1371 1805 1493 1867 locum

247 1918 360 1973 tantae
384 1911 510 1992 gratiae
538 1909 717 1974 sollemniis
741 1912 888 1975 dedicari
910 1921 1083 1994 oporteret
1105 1914 1313 1995 ignorantes,
1346 1913 1492 1977 Domini
1502 1936 1526 1971 u

247 2017 368 2080 iudicio
390 2015 476 2083 hanc
499 2016 695 2087 electionem
719 2020 932 2082 committunt
955 2019 1119 2083 dicentes:
1150 2021 1207 2085 nbi
1232 2022 1285 2084 uri
1300 2022 1490 2103 paremus?

248 2126 337 2187 acsi
361 2125 488 2189 dicant:
512 2133 548 2187 tu
571 2125 662 2189 solus
686 2128 774 2189 nosti
798 2127 903 2189 corda
925 2123 1065 2190 filiorum
1088 2126 1266 2205 hominum,
1289 2128 1351 2190 tibi
1375 2128 1487 2190 omnis

248 2231 400 2295 uoluntas
423 2232 584 2314 loquitur,
611 2242 644 2296 te
668 2233 791 2297 nullum
815 2234 897 2297 latet
921 2244 1101 2313 secretum;
1131 2237 1277 2300 incertae
1299 2255 1384 2297 uero
1411 2244 1490 2297 sunt

248 2340 475 2423 prouidentiae
491 2350 634 2416 nostrae,
658 2350 691 2403 et
708 2342 763 2405 ubi
780 2342 882 2424 digna
898 2345 1085 2427 suscipiaris
1100 2342 1361 2417 honorificentia,
1387 2342 1490 2405 nobis

247 2448 475 2530 ignorantibus
491 2446 581 2512 solus
605 2449 747 2512 intueris,
772 2450 844 2532 ip‘se
867 2472 950 2535 ergo
966 2460 1002 2515 ut
1018 2452 1111 2516 Deus
1134 2452 1280 2514 omnium
1303 2452 1521 2533 praescium

248 2556 364 2620 dehis
395 2576 480 2638 quae
504 2557 579 2620 alibi
604 2566 778 2640 geruntur,
810 2578 885 2622 cum
908 2561 989 2643 ipsis
1011 2562 1044 2622 in
1067 2560 1233 2642 praesenti
1256 2559 1424 2640 loquitur,
1458 2568 1490 2621 et

248 2672 476 2746 susceptorem
500 2685 595 2728 suum
619 2666 725 2747 magis
753 2686 861 2729 rerum
885 2667 1106 2731 accidentium
1128 2667 1272 2740 indiciis,
1302 2686 1410 2748 quam
1436 2688 1490 2748 ap

248 2771 425 2855 pellatione
457 2772 580 2836 indicat
610 2773 760 2835 nominis
796 2796 878 2848 ecce,
913 2776 1035 2856 inquit,
1069 2773 1298 2836 introeuntibus
1329 2773 1427 2836 uobr's
1456 2775 1489 2836 in

248 2879 426 2952 ciuitatem,
458 2889 600 2942 occurret
621 2879 710 2942 uobis
732 2879 826 2943 horno
849 2881 1043 2963 amphoram
1067 2902 1170 2963 aquae
1194 2890 1354 2962 portans:
1386 2883 1487 2964 sequi·

248 2987 332 3050 rur'ui
361 2994 432 3050 eum
460 2987 495 3048 in
518 2987 665 3060 domum,
696 2988 731 3050 iu
754 3010 853 3070 quam
877 2990 996 3062 intrat,
1025 3000 1057 3051 et
1078 2988 1190 3052 dicetis
1207 2989 1302 3069 patri
1322 2989 1507 3068 somniare

247 3095 379 3158 domus:
402 3094 484 3157 dicit
505 3094 565 3156 tibi
585 3095 759 3177 ntagister:
782 3097 839 3160 nbi
858 3108 907 3158 cst
928 3097 1156 3168 dciurson'um,
1180 3095 1236 3157 ubi
1256 3095 1393 3158 Pascha
1414 3115 1475 3156 curra

247 3201 417 3283 discipulis
455 3201 534 3264 mer‘s
572 3201 786 3265 manducem?
824 3214 856 3266 et
892 3204 959 3284 ipsc
996 3204 1084 3266 orabis
1118 3202 1259 3266 ostendet
1296 3202 1480 3266 carracedum

241 3309 371 3390 gr‘aude
392 3318 540 3381 stratum,
564 3320 594 3372 rt
616 3309 663 3372 ibi
677 3320 804 3391 parate,

354 3415 443 3479 Ecce
467 3415 560 3478 locus
584 3436 604 3477 a
628 3415 702 3478 Deo
726 3427 861 3498 paratus
886 3426 919 3480 et
944 3418 1160 3500 praeelectus
1184 3418 1331 3479 omnium
1357 3417 1488 3482 delicia-

248 3542 318 3585 rum
353 3524 515 3586 suauitate
551 3523 676 3605 plenus
712 3525 803 3587 cuius
834 3523 899 3587 loci
931 3545 1108 3608 possessor
1138 3525 1214 3587 ideo
1245 3525 1317 3586 sine
1351 3528 1488 3588 nomine
1498 3546 1522 3581 30

248 3630 454 3712 designatur,
489 3639 525 3693 ut
555 3652 682 3714 pauper
712 3639 747 3692 et
779 3631 935 3712 ignobilis
967 3634 1182 3721 aestimetur,
1209 3631 1264 3712 qui
1292 3651 1313 3694 a
1335 3631 1488 3695 Domino

248 3736 392 3819 eligitur;
423 3739 501 3819 quia
532 3739 593 3820 ipsi
624 3737 827 3801 infirmorum
853 3748 887 3800 et
909 3745 1096 3822 'pauperum
1120 3737 1238 3800 electio
1269 3741 1409 3820 proprie
1440 3760 1488 3802 as-

248 3845 406 3907 scribitur.
438 3846 508 3927 ipse
533 3854 643 3909 autem
668 3844 760 3907 locus
794 3844 879 3907 altus
903 3854 1046 3926 magnus
1080 3852 1115 3907 et
1144 3851 1267 3906 stratus
1298 3845 1487 3911 diuinarum

249 3952 481 4034 scripturarum
512 3952 658 4016 sublimis
683 3960 716 4014 et
741 3952 918 4033 spiritualis
942 3961 994 4014 est
1018 3950 1219 4026 intellectuS,
1251 3951 1293 4014 ab
1323 3956 1487 4034 augustiis

248 4055 374 4120 litterae
405 4060 490 4122 adeo
523 4059 729 4133 subleuatus,
761 4067 797 4120 ut
821 4059 1012 4123 conuiuantu'
1036 4078 1112 4121 cum
1135 4057 1303 4140 discipulis
1326 4059 1525 4128 saluatoris

248 4185 319 4227 esse
343 4167 448 4248 possit
471 4166 618 4230 idoneus,
642 4165 695 4228 hic
720 4167 807 4228 enim
831 4165 997 4247 paschalis
1023 4165 1163 4228 conuiuii
1186 4163 1309 4230 fercula
1332 4161 1486 4232 fidelibus

248 4271 386 4354 abipso
410 4282 647 4357 proponuntur,
680 4272 757 4334 dum
783 4274 943 4348 uniuersa,
968 4295 1055 4356 quae
1080 4274 1112 4335 in
1135 4272 1210 4354 lege
1234 4273 1286 4336 uel
1310 4273 1487 4356 prophetis

356 4427 378 4480 7.
400 4417 438 4464 l‘s.
460 4413 501 4478 67,
524 4427 546 4479 5.
568 4444 600 4451 —-
625 4413 663 4463 ri).
685 4414 746 4462 Mat.
769 4411 810 4475 ab,
834 4424 873 4476 17.
893 4442 928 4450 -
949 4416 990 4465 28.
1013 4418 1075 4466 Luc¹
1097 4427 1139 4476 22,
1164 4427 1273 4462 1o-12.
1353 4433 1357 4438 ·
