3167 5025
304 250 368 315 116

302 448 346 510 ad
376 456 505 530 patrem
536 449 665 512 luminis
687 450 835 512 inuitant.
866 469 941 512 nam
966 451 1044 531 quid
1068 449 1154 512 aliud
1179 452 1278 512 etiam
1301 452 1375 532 ipse
1405 445 1539 512 confite·

302 565 371 630 tur,
401 575 477 618 cum
507 577 658 620 reuersus
687 559 872 620 occurrenti
902 557 963 620 sibi
995 557 1289 620 misericordiarum
1320 557 1487 638 largitori
1514 557 1537 617 in

302 661 525 726 satisfactione
548 665 769 746 paenitentiae
792 664 937 746 loquitur
959 667 1087 727 dicens:
1111 675 1223 746 pater,
1250 667 1391 747 peccaui
1417 665 1459 725 in
1485 686 1533 724 crr-

303 771 372 834 lum
394 780 553 834 eteorum
575 771 630 832 te?
656 773 690 834 in
712 771 838 834 caelum
862 771 978 855 procul
1001 771 1101 834 dubio
1124 781 1251 854 peccat,
1274 773 1330 852 qui
1354 773 1404 834 ab
1434 773 1532 833 arduis

303 887 493 941 sanctorum
524 879 649 942 semitis
679 880 815 942 deuians
842 889 976 942 sanctae
999 881 1167 944 societatis
1190 899 1303 941 eorum
1328 881 1407 941 iura
1434 888 1561 940 conta-i

305 987 417 1061 minat,
439 986 582 1066 ideoque
605 987 751 1068 ipsorum
774 1007 860 1067 quos
880 987 1016 1050 offendit
1033 988 1222 1068 patrociniis
1239 995 1326 1068 eget,
1351 995 1390 1048 ut
1411 988 1542 1048 rediens
1567 971 1568 974 ¹

304 1113 365 1176 per
387 1093 624 1174 paenitentiam
647 1093 680 1154 in
703 1093 849 1156 eiusdem
873 1093 1082 1156 beatitudinis
1105 1096 1274 1157 consortio
1298 1095 1409 1176 recipi
1426 1093 1542 1154 ualeat.

307 1200 450 1264 unanimi
481 1220 563 1281 ergo
593 1198 761 1263 alacritate
788 1221 904 1264 omnes
927 1200 1141 1262 iucundemur
1163 1202 1196 1264 in
1220 1200 1389 1276 Domino,
1425 1201 1542 1262 beatae

306 1305 485 1370 Felicitatis
530 1305 736 1387 feliciumque
773 1306 914 1370 filiorum
952 1309 1020 1369 eius
1058 1305 1243 1390 triumphali
1282 1308 1541 1390 congaudentes
1568 1347 1569 1390 ,

306 1414 437 1496 gaudio.
1550 1401 1569 1458 ιθ

414 1521 503 1586 Filiis
525 1521 647 1585 saeculi
670 1521 764 1586 huius
795 1522 1063 1605 incomparabilia
1092 1524 1247 1586 uictoriae
1279 1523 1444 1585 uidentur
1474 1525 1539 1584 insi·

307 1631 385 1711 guia
409 1650 520 1693 muros
543 1629 672 1692 urbium
687 1629 896 1704 subuertisse,
920 1631 1054 1692 turrium
1078 1631 1273 1692 munitiones
1298 1630 1538 1712 complanasse,

309 1736 570 1799 aduersariorum
602 1738 766 1819 principes
797 1738 926 1799 uinctos
958 1737 1136 1800 abduxisse
1167 1736 1218 1800 uel
1250 1737 1448 1800 tributarios
1472 1739 1534 1799 reli-

307 1846 426 1926 quisse.
465 1865 549 1926 quae
581 1844 657 1906 licet
687 1844 869 1926 corporalis
902 1853 1029 1906 tantum
1064 1844 1196 1907 militiae
1231 1845 1469 1908 exercitatione
1497 1855 1529 1905 et

308 1951 515 2015 fraudulenta
530 1971 778 2033 nonnumquam
799 1953 1075 2016 circumuentione
1092 1961 1254 2034 gerantur,
1279 1951 1412 2016 illorum
1423 1963 1518 2014 tamen
1529 1975 1550 2009 ιε

241 2064 245 2075 ’
308 2061 537 2123 aestimatione
569 2058 715 2140 gloriosa
745 2068 778 2119 et
810 2059 950 2120 iucunda
973 2059 1163 2122 iudicantur.
1195 2068 1229 2120 at
1252 2060 1279 2120 si
1304 2061 1385 2139 quis
1408 2079 1518 2143 perpen·
1570 2091 1571 2136 3

311 2171 389 2232 dere
421 2167 546 2242 ualeat,
578 2167 719 2248 qualiter
740 2167 803 2248 ipsi
827 2176 1074 2250 expugnatores
1098 2166 1224 2229 urbium
1249 2170 1420 2250 portentis
1443 2185 1523 2246 expu-

309 2283 451 2358 gnentur
474 2276 643 2349 uitiorum,
673 2293 741 2337 non
764 2275 919 2337 uictoriae
943 2273 1004 2336 illis
1026 2273 1187 2356 palmam,
1216 2275 1275 2336 sed
1300 2277 1472 2338 seruitutis
1493 2293 1531 2333 as·

309 2384 431 2447 scribet
462 2382 636 2445 infamiam.
667 2382 772 2444 nostri
803 2402 882 2444 uero
913 2384 1055 2446 uictores
1087 2383 1241 2464 aprimis
1273 2381 1352 2445 fidei
1386 2380 1531 2444 tirociniis

311 2500 428 2556 contra
449 2490 644 2554 inuisibilem
668 2491 781 2553 mundi
805 2489 898 2553 huius
922 2491 1101 2573 principem
1126 2489 1283 2572 spirituali
1307 2512 1448 2574 semper
1471 2507 1553 2551 con·20

309 2599 399 2662 hictu
424 2599 673 2673 exercebantur,
696 2600 804 2660 donec
828 2598 958 2660 deuicta
982 2600 1133 2660 uitiorum
1157 2599 1308 2661 barbarie
1325 2600 1468 2661 tandem
1484 2596 1530 2658 sub

311 2705 483 2770 manifesta
517 2706 745 2788 persecutione
780 2706 929 2784 martyrii
963 2704 1128 2786 triumpho
1163 2706 1309 2786 insigniri
1341 2710 1532 2768 meruerunt.

310 2834 386 2877 cum
409 2812 528 2875 talibus
552 2832 633 2894 ergo
660 2811 856 2874 christianae
880 2811 1011 2873 militiae
1042 2812 1180 2874 ducibus
1204 2812 1246 2874 ad
1271 2810 1533 2875 confundendam

310 2921 452 2983 Romani
483 2920 685 3002 principatus
716 2919 926 2999 tyrannidem
957 2918 1071 2981 mulier
1101 2917 1193 2981 fortis
1228 2918 1393 2981 hodierna
1430 2922 1482 2983 die
1508 2918 1533 2977 in

229 3094 236 3103 ,
310 3030 453 3092 stadium
489 3028 667 3109 processit,
702 3036 735 3088 et
766 3026 1021 3108 expectantibus
1056 3025 1180 3108 angelis
1212 3028 1313 3089 immo
1346 3028 1551 3109 angelorum-³

311 3137 457 3199 Domino
488 3136 521 3197 in
553 3155 661 3216 agone
691 3133 768 3196 fidei
796 3133 940 3215 legitime
964 3134 1145 3197 desudavit.
1178 3135 1291 3197 uideas
1324 3136 1430 3197 etiam
1463 3150 1527 3197 nuuc

312 3245 503 3307 Debboram
528 3242 713 3325 propheten
737 3251 771 3305 et
795 3242 867 3324 plus
891 3262 989 3322 quam
1016 3240 1201 3325 propheten
1225 3243 1386 3304 ducatum
1412 3242 1529 3305 militiae

311 3353 435 3413 domini
459 3350 681 3425 exhibentem,
706 3350 787 3413 etin
804 3358 917 3410 monte
933 3346 1069 3410 Thabor
1084 3350 1139 3430 qui
1154 3349 1394 3431 interpretatur
1411 3351 1523 3413 ueniens

311 3458 421 3520 lumen
445 3459 622 3540 expeditos
645 3458 678 3520 in
702 3456 828 3538 proelia
850 3456 1065 3518 ordinantem.
1089 3458 1121 3518 in
1145 3458 1321 3518 eminentia
1343 3458 1468 3541 quippe
1479 3453 1522 3514 uir·

313 3573 419 3626 tutum
450 3574 484 3627 et
514 3556 730 3628 illustratione
753 3564 913 3627 uenientis
937 3563 1079 3645 desuper
1102 3563 1230 3627 luminis
1254 3564 1463 3640 consistunt,
1486 3556 1529 3640 qui
1537 3583 1556 3620 ³⁰

313 3682 429 3734 contra
460 3672 620 3748 Sisaram,
651 3673 742 3754 quod
765 3681 817 3734 est
841 3671 988 3734 exclusio
1019 3672 1145 3751 gaudii,
1176 3670 1353 3753 spiritualis
1387 3670 1532 3735 uictoriae

313 3780 435 3860 gaudio
459 3779 626 3843 laetificari
649 3786 823 3841 merentur.
847 3778 893 3839 sic
917 3778 1003 3840 enim
1027 3778 1116 3839 etin
1140 3780 1269 3841 cantico
1294 3778 1481 3841 Debborae
1500 3774 1534 3836 de

313 3884 376 3947 hac
406 3888 543 3949 uictoria
572 3887 731 3970 scriptum
762 3893 830 3946 est:
861 3884 901 3945 de
930 3883 1017 3945 caelo
1046 3882 1235 3947 drinz'catum
1265 3894 1314 3947 est
1343 3896 1460 3948 contra
1487 3900 1534 3949 eos,
1570 3922 1572 3987 ὦ

313 3992 423 4055 stellae
444 4005 607 4057 manentes
630 3994 664 4055 in
687 3992 800 4054 ordine
821 4001 852 4053 et
872 4010 968 4053 cursu
989 4012 1046 4051 suo
1069 4000 1179 4053 contra
1204 3990 1357 4053 §aarum
1378 4005 1536 4073 pugnaue-
1571 4050 1572 4053 ,

314 4109 395 4161 nent.
425 4110 539 4182 surgat
569 4121 652 4181 ergo
676 4098 836 4161 Debbora
866 4105 995 4170 nostra,
1027 4117 1103 4159 uere
1136 4096 1295 4159 Debbora
1325 4098 1360 4160 id
1394 4108 1447 4161 est
1476 4096 1535 4179 apis
1543 4060 1572 4153 ul

313 4215 444 4285 gustum
475 4209 570 4271 nobis
601 4207 764 4289 praebens
789 4202 979 4277 dulcedinis,
1010 4212 1131 4285 surgat,
1163 4204 1305 4285 inquam,
1329 4214 1365 4267 et
1390 4204 1536 4287 loquatur

314 4313 492 4387 canticum,
522 4314 554 4375 id
579 4321 631 4375 est
654 4331 753 4393 quam
777 4308 924 4372 sublimis
947 4308 979 4369 in
1003 4319 1183 4393 conspectu
1207 4310 1271 4372 Dei
1294 4312 1354 4387 sit,
1386 4321 1422 4375 et
1447 4327 1534 4394 quam

418 4467 443 4513 4.
463 4454 525 4501 Luc.
549 4463 587 4516 ις,
611 4451 649 4501 18.
669 4479 705 4487 —
725 4449 867 4512 35.1udic.
889 4458 911 4509 5,
934 4460 975 4495 20.
