3167 5025
275 237 336 290 110

270 428 417 503 querunt,
441 444 501 505 per
519 422 746 488 miraculorum
764 446 896 514 quoque
912 427 1059 510 insignia,
1084 451 1167 510 quae
1184 427 1371 512 frequenter
1391 438 1505 493 osten·
1572 439 1573 484 l

270 532 368 604 dunt,
400 533 509 594 denuo
540 533 572 594 in
604 533 758 596 cordibus
785 533 929 599 fidelium
961 539 1161 601 reuirescunt
1194 548 1227 601 et
1259 539 1402 602 multum
1432 539 1505 602 Deo
1572 555 1573 592 l

269 659 329 722 per
352 640 533 702 imitatores
556 661 634 703 suos
657 641 796 705 fructum
821 643 967 706 asserunt.
992 644 1077 707 laeta
1101 666 1183 727 ergo
1206 646 1387 710 electorum
1410 649 1500 726 lruge
1572 663 1573 702 l

270 747 409 809 ubertim
433 749 653 828 germinante,
684 771 759 814 cum
782 751 882 822 beata
904 752 1057 816 Felicitas
1084 763 1212 836 septem
1244 753 1327 816 filios
1351 775 1443 823 suos
1469 755 1501 816 ad

269 857 506 921 incrementum
536 857 677 920 iustitiae
701 859 776 921 Deo
800 860 977 922 auxiliante
1001 862 1229 943 perduxisset,
1261 881 1373 924 nonne
1409 864 1532 925 iuxtas

269 964 445 1045 mysticam
468 962 556 1026 illam
580 964 814 1029 reuelationem
838 967 926 1030 uelut
949 977 1079 1049 septem
1103 970 1213 1050 spicae
1231 968 1393 1050 pullulare
1413 971 1509 1032 uisae

269 1081 344 1136 sunt
368 1073 400 1133 in
424 1071 532 1134 culmo
556 1093 622 1136 uno
645 1073 763 1157 plenae
786 1084 886 1156 atque
906 1075 1092 1138 formosae?
1116 1077 1173 1138 sed
1191 1077 1270 1158 quid
1286 1077 1510 1158 proiecerunt

170 1195 175 1201 ‘
268 1190 513 1263 persecutores,
545 1193 673 1264 septem
701 1182 858 1246 sterilium
881 1185 1044 1266 spicarum
1069 1186 1213 1267 speciem
1237 1195 1407 1260 tenentes,
1444 1207 1509 1267 pro
1571 1248 1572 1251 ,

269 1287 479 1350 uniuersitate
515 1291 667 1352 uitiorum
701 1291 819 1372 quibus
855 1291 1090 1354 subiacebant?
1127 1294 1203 1374 quia
1241 1293 1329 1356 enim
1370 1302 1508 1374 septem
1571 1276 1572 1339 ἶ

269 1395 385 1457 diebus
415 1417 513 1459 omne
536 1407 668 1480 tempus
690 1399 995 1481 comprehenditur,
1026 1410 1115 1464 recte
1140 1402 1328 1483 septenario
1360 1421 1507 1464 numero
1519 1422 1541 1446 ¹⁰

269 1504 462 1566 uniuersitas
486 1504 650 1586 figuratur.
674 1507 833 1571 Salomon
850 1529 981 1590 quoque
1006 1510 1038 1570 in
1061 1507 1173 1572 talium
1196 1509 1352 1571 cordibus
1369 1518 1505 1590 septem
1570 1499 1571 1520 ³

269 1631 341 1673 esse
373 1614 534 1693 nequitias
566 1623 711 1678 testatur.
743 1614 869 1678 steriles
900 1636 981 1697 ergo
1006 1625 1038 1678 et
1063 1617 1156 1678 uacui
1181 1637 1200 1678 a
1223 1616 1320 1678 bonis
1344 1625 1380 1677 et
1411 1616 1504 1698 pleni

269 1719 420 1781 omnibus
453 1720 545 1783 malis
576 1723 769 1786 insectando
797 1724 903 1786 bonos
927 1724 1082 1786 uirtutum
1106 1724 1253 1804 germine
1276 1723 1398 1804 plenos
1422 1723 1500 1804 quid

268 1825 435 1890 lecerunt?
466 1839 624 1910 quantum
648 1832 680 1892 in
703 1833 782 1912 ipsis
806 1840 892 1906 erat,
923 1851 1055 1893 omnem
1079 1851 1192 1893 eorum
1220 1829 1494 1913 pulchritudinem

268 1935 428 1998 deuorare
452 1937 665 2012 conabantur,
689 1939 748 2000 sed
765 1940 881 2002 occisis
898 1938 1090 2021 corporibus
1107 1939 1293 2001 interiorem
1316 1940 1485 2000 animarum
1496 1963 1519 2000 ιε

269 2043 424 2105 decorem
456 2045 617 2126 attingere
649 2065 715 2108 non
740 2046 910 2122 ualebant,
941 2067 1039 2127 quem
1063 2055 1174 2108 tamen
1198 2046 1322 2127 pariter
1348 2065 1418 2108 sese
1436 2043 1480 2105 ab·

269 2151 434 2213 sorbuisse
465 2152 691 2234 opinabantur.
721 2153 766 2216 illi
798 2174 878 2216 uero
908 2162 1039 2216 seruata
1069 2154 1183 2215 uiroris
1215 2155 1264 2215 sui
1296 2155 1410 2234 gratia
1430 2171 1485 2233 ger·

269 2257 438 2320 minabunt
469 2260 553 2322 sicut
583 2260 684 2322 lilium
708 2270 741 2322 et
764 2260 928 2323 florebunt
951 2262 983 2323 in
1007 2269 1175 2323 aeternum
1207 2269 1283 2322 ante
1307 2261 1493 2328 Dominum,

269 2365 301 2428 in
324 2369 489 2447 praesenti
513 2344 645 2450 quoque
666 2370 733 2431 uita
748 2369 804 2430 ubi
820 2369 958 2431 extincti
974 2369 1169 2432 uidebantur
1184 2387 1315 2450 semper
1333 2361 1495 2450 accipiunt

268 2474 513 2538 incrementum.
538 2477 657 2540 accidit
672 2474 864 2558 plerumque
888 2485 923 2539 ut
947 2477 1053 2551 uidua,
1077 2495 1161 2558 quae
1185 2476 1218 2537 in
1242 2474 1368 2539 deliciis
1386 2477 1521 2539 uiuensw

269 2583 333 2644 iam
356 2593 486 2644 mortua
509 2592 575 2659 est,
607 2584 749 2646 admotis
773 2582 939 2647 extinctae
971 2585 1097 2646 animae
1122 2582 1255 2646 uiuificis
1279 2604 1380 2647 uerae
1406 2584 1496 2647 huius

268 2689 386 2753 uiduae
410 2691 588 2773 exempliS,
612 2701 782 2774 resumpto
807 2691 963 2773 paulatim
988 2692 1101 2772 uigore
1126 2692 1300 2765 animetur,
1317 2700 1363 2772 ,et
1389 2692 1497 2774 priora

268 2799 384 2860 mortis
415 2819 493 2860 suae
524 2799 645 2861 damna
675 2800 899 2862 emendatiore
925 2799 1140 2881 postmodum
1164 2808 1399 2880 recompenset
1425 2801 1496 2860 uita.

267 2906 359 2986 ipsae
383 2908 482 2969 etiam
506 2927 618 2969 sacrae
642 2908 793 2989 uirgines,
821 2909 848 2969 si
872 2909 1006 2989 quando
1029 2908 1061 2968 in
1086 2907 1247 2990 propositi
1271 2908 1320 2968 sui
1346 2908 1497 2970 custodia
1572 2932 1573 2949 ἢ

268 3013 385 3076 fuerint
409 3015 674 3096 negligentiores
697 3013 792 3077 huius
816 3015 1011 3078 fortissimae
1035 3015 1176 3077 mulieris
1200 3015 1384 3077 imitatione
1403 3016 1521 3077 susci-2⁵

268 3131 357 3183 tatae
382 3123 562 3184 redduntur
585 3124 755 3185 cautiores.
788 3142 898 3185 nonne
922 3124 954 3184 in
977 3121 1027 3185 his
1051 3121 1195 3184 refloruit
1219 3122 1315 3185 radix
1340 3122 1405 3197 illa,
1430 3144 1496 3204 sep·

268 3236 335 3289 tem
360 3229 458 3309 spicis
481 3230 545 3291 iam
570 3229 694 3291 dudum
719 3238 838 3291 onusta
862 3237 895 3289 et
920 3248 1006 3290 nunc
1030 3230 1176 3291 rediuiuo
1200 3226 1304 3291 fructu
1326 3228 1495 3311 speciosa?

269 3336 402 3398 iuuenes
434 3337 594 3417 quosdam
623 3337 739 3398 beatus
763 3336 903 3398 Ioannes
927 3336 1102 3417 alloquitur
1125 3336 1252 3398 dicens:
1283 3338 1389 3399 scribo
1414 3337 1489 3399 uobis

269 3442 412 3514 iamnes,
443 3444 594 3523 quoniam
617 3446 723 3524 fortes
752 3444 841 3515 estis,
873 3454 903 3505 et
930 3444 1058 3505 uerbum
1081 3444 1148 3505 Dei
1168 3445 1202 3504 r'rz
1226 3443 1315 3505 uobis
1338 3453 1445 3507 marcet
1461 3450 1486 3501 et

270 3549 393 3611 ur'cz'stis
416 3550 604 3631 malzgnum.
636 3549 669 3612 hi
693 3571 774 3632 ergo
799 3552 825 3612 si
849 3552 1032 3612 intermissa
1063 3551 1154 3613 uerbi
1185 3550 1285 3613 diuini
1317 3550 1490 3632 diligentia,
1499 3577 1519 3613 30

270 3656 422 3718 uitiorum
446 3656 606 3720 illecebris
633 3658 765 3720 asolita
787 3658 977 3719 tortitudine
1000 3657 1143 3730 resoluti,
1168 3656 1313 3737 maligno
1338 3658 1496 3720 cesserint

270 3783 368 3843 quem
392 3766 480 3845 prius
504 3765 701 3836 deuicerant,
725 3764 975 3826 fortissimorum
999 3766 1151 3826 iuuenum
1176 3765 1313 3825 istorum
1338 3764 1497 3826 memoria

270 3872 461 3933 commoniti
478 3872 587 3934 subito
603 3872 816 3945 recalescunt,
840 3891 930 3934 arma
947 3872 1074 3933 uirtutis
1091 3871 1278 3953 corripiunt,
1294 3880 1329 3933 et
1344 3890 1496 3934 securum

270 3976 400 4039 hostem
424 3999 534 4041 rursus
558 3980 599 4041 ad
624 3988 791 4042 certamen
815 3988 1005 4061 prouocant.

376 4085 464 4147 Ecce
495 4088 612 4148 iterum
645 4094 772 4167 septem
801 4088 910 4167 spicae
935 4085 1007 4147 illae
1031 4086 1132 4148 nobili
1156 4076 1264 4147 culmo
1288 4094 1431 4147 exortae
1455 4086 1529 4148 inas

270 4202 393 4254 nouato
409 4193 554 4273 germine
571 4193 724 4264 ditantur,
748 4194 894 4273 miraque
911 4193 1010 4253 diuini
1028 4194 1168 4254 muneris
1185 4192 1346 4272 largitate,
1372 4201 1496 4273 quanto
1572 4224 1573 4227 ¹

271 4300 409 4381 amplior
432 4311 465 4363 et
489 4301 620 4361 suauior
644 4299 777 4360 refectio
802 4322 844 4360 ex
876 4320 987 4361 earum
1018 4300 1216 4365 abundantia
1240 4298 1309 4365 aliis
1334 4301 1496 4386 prouenit,
1565 4349 1570 4360 .

379 4456 416 4493 12.
437 4445 512 4492 Prou.
534 4438 575 4500 26,
597 4451 637 4501 25.
658 4468 693 4474 —
712 4451 754 4505 30.
774 4441 794 4490 Ι,
815 4442 884 4492 loun.
906 4453 929 4499 2,
953 4453 991 4508 14.
