3167 5025
1258 225 1315 283 lot

78 407 255 489 substerni,
282 423 324 477 ut
349 436 393 477 ex
415 411 509 478 huius
534 412 742 479 deformitate
765 413 849 478 illius
873 413 1002 480 claritas
1027 417 1196 480 decentior
1220 437 1317 500 appa·

77 530 153 582 reat.
179 519 283 582 sortis
302 543 439 603 quoque
462 523 576 585 mulier
596 524 658 585 ista
681 525 778 586 uariis
794 524 948 586 uirtutum
967 525 1210 587 circumamicta
1233 525 1318 587 colo·

76 627 162 688 ribus
187 627 398 691 delectabile
422 630 485 691 iam
510 630 634 691 dudum
659 629 813 692 cordibus
837 631 957 693 nostris
981 631 1204 714 spectaculum
1228 653 1318 715 prae·

76 735 160 808 buit,
194 737 230 796 in
257 737 356 798 cuius
380 737 527 818 picturae
551 737 691 798 termino
716 738 865 820 despecti
890 739 1057 800 cuiusdam
1082 737 1200 800 coloris
1224 738 1319 802 litura

60 842 307 917 ssubmittitur,
340 852 376 905 ut
407 843 482 907 hinc
513 865 590 908 uera
622 844 690 907 eius
721 844 929 926 pulchritudo
957 845 1127 907 iucundius
1151 847 1317 910 enitescat.

73 948 196 1026 fallax,
222 951 356 1032 inquit,
374 953 504 1032 gratia,
527 963 558 1014 et
580 974 667 1014 uana
691 963 738 1015 est
753 952 972 1034 palclm'tado,
996 973 1073 1016 ecce
1097 952 1235 1034 nigredo
1260 974 1319 1036 per

79 1075 108 1116 se
130 1057 321 1133 indecenS,
353 1060 412 1121 sed
436 1060 561 1121 uarium
585 1060 732 1140 picturae
755 1061 896 1122 nitorem
924 1058 1045 1122 faciens
1070 1059 1318 1140 quodammodo

78 1164 323 1228 decentiorem.
354 1166 409 1228 ubi
440 1167 542 1255 nitor,
574 1167 629 1247 qui
659 1187 704 1228 ex
735 1166 829 1228 huius
860 1167 1038 1248 nigredinis
1069 1168 1185 1229 intuitu
1212 1169 1318 1248 magis

80 1271 360 1336 commendetur?
391 1273 510 1336 mulier
537 1273 652 1335 timens
674 1274 851 1336 Dominam
884 1274 956 1356 ipsa
983 1273 1178 1338 laudabitur.
1211 1277 1318 1356 gratia

55 1386 204 1453 wautem,
240 1401 333 1462 quae
365 1379 418 1442 hic
449 1379 549 1442 fallax
581 1390 614 1442 et
638 1380 865 1463 pulchritudO,
895 1402 980 1464 quae
1005 1402 1090 1444 uana
1113 1382 1244 1456 dicitur,
1275 1384 1318 1444 ad

82 1485 209 1548 diuitias
235 1487 315 1550 illas
339 1489 490 1570 pertinet,
516 1487 557 1550 de
581 1489 699 1568 quibus
723 1489 970 1571 supradictum
994 1499 1060 1552 est:
1088 1489 1208 1552 multae
1220 1489 1319 1572 filiae

82 1606 362 1677 caigregauerunt
383 1595 528 1657 daiaitzas.
559 1597 665 1676 gratia
688 1597 774 1658 enim
807 1595 939 1658 humani
970 1594 1090 1659 fauoris
1122 1604 1155 1657 et
1182 1595 1318 1678 pulchri·

84 1702 160 1763 tudo
184 1703 343 1786 usurpati
366 1701 502 1765 honoris
525 1705 732 1786 permaxima
756 1723 834 1785 pars
859 1713 909 1766 est
925 1703 1102 1765 earundem
1131 1703 1316 1766 diuitiarum

86 1810 139 1870 sed
161 1809 272 1873 fallax
298 1820 334 1872 et
357 1830 450 1873 uana.
483 1808 563 1872 fallit
586 1812 710 1893 quippe
733 1809 815 1872 filias
839 1810 910 1872 illas
933 1811 1039 1892 gratia
1063 1808 1221 1884 humana,
1252 1831 1318 1893 qua

59 1914 157 1978 1sdum
177 1917 306 1980 florere
324 1919 570 1999 concupiscunt,
594 1918 636 1979 ab
653 1915 812 1980 infusione
830 1916 958 1979 diuinae
975 1918 1100 1997 gratiae
1116 1916 1317 1980 inanescunt.

88 2043 163 2086 uana
186 2034 241 2086 est
270 2034 310 2087 et
325 2024 544 2106 pulchritudo
569 2045 634 2106 qua
650 2026 855 2088 extrinsecus
872 2023 1074 2098 dealbantur,
1098 2043 1172 2086 cum
1190 2024 1317 2087 animae
1343 2014 1347 2022 ’

92 2133 163 2192 ueris
195 2133 364 2196 uirtutum
395 2133 490 2195 bonis
521 2132 734 2194 exornandae
759 2133 991 2195 detrimentum
1015 2131 1187 2214 patiantur.
1219 2152 1317 2213 quam

98 2233 242 2303 laliaciam
269 2239 326 2302 uel
350 2241 528 2303 uanitatem
553 2241 610 2301 uix
634 2239 811 2320 aliquando
834 2241 866 2302 in
890 2240 1055 2321 praesenti
1078 2259 1318 2320 recognoscere

99 2357 228 2423 possunt,
255 2349 338 2429 quia
361 2349 517 2410 seductae
541 2347 690 2411 laudibus
715 2349 855 2410 eandem
879 2347 981 2412 dese
1005 2366 1117 2410 coram
1133 2347 1207 2410 Deo
1228 2367 1317 2409 sanc·

71 2450 183 2517 20titatis
206 2456 478 2519 aestimationem
503 2476 576 2519 esse
600 2457 745 2531 credunt,
770 2475 869 2538 quam
894 2455 935 2518 ab
959 2453 1145 2518 hominibus
1169 2454 1316 2537 deceptis

97 2556 218 2625 libenter
244 2564 396 2627 audiunt.
430 2562 485 2625 ubi
510 2583 587 2626 uero
613 2562 723 2626 clausa
746 2564 881 2633 tandem
905 2564 998 2643 regni
1029 2564 1125 2625 ianua
1154 2582 1260 2625 seram
1285 2571 1318 2623 et

102 2664 227 2733 inutilem
246 2672 372 2733 erroris
384 2672 433 2733 sui
450 2672 686 2753 paenitentiam
702 2691 802 2752 agere
819 2672 996 2752 coeperint,
1012 2669 1057 2733 ibi
1069 2668 1184 2731 mulier
1198 2670 1317 2733 timens

105 2768 279 2852 D0minum,
303 2798 388 2858 quae
411 2775 464 2839 hic
488 2776 697 2859 despicabilis
721 2777 904 2853 uidebatur,
928 2798 1012 2858 quae
1029 2776 1104 2839 licet
1120 2776 1199 2839 boni
1216 2778 1317 2838 totius

106 2878 153 2942 sibi
171 2886 306 2951 conscia
330 2893 427 2959 esset,
450 2905 582 2968 semper
605 2894 716 2947 tamen
739 2886 833 2967 quasi
849 2893 1014 2947 tumentes
1030 2904 1130 2967 super
1146 2904 1181 2945 se
1198 2881 1315 2945 fluctus

75 3006 94 3040 2⁵
102 2986 237 3057 timuerat
267 2992 391 3055 Deum:
416 2993 487 3073 ipsa
510 2993 574 3053 iam
598 2992 716 3053 timore
740 3002 856 3055 sancto
873 2999 1087 3075 permanente
1103 2992 1136 3053 in
1152 2990 1317 3054 saeculum

97 3097 205 3163 saeculi
229 3102 353 3163 timens
374 3099 553 3161 Dominum
578 3097 770 3161 laudabitur.
795 3119 872 3161 ecce
897 3100 938 3161 ad
963 3119 1047 3179 quae
1071 3098 1221 3179 perducit
1245 3097 1318 3159 bea·

96 3199 234 3269 titudinis
260 3206 407 3287 fastigia:
439 3206 567 3268 initiam
598 3207 774 3287 sapientiae
805 3206 902 3269 timor
923 3205 1066 3267 Domini.
1098 3204 1251 3287 deprimit
1283 3213 1318 3267 ut

96 3310 200 3391 erigat,
225 3314 375 3377 humiliat
399 3314 432 3376 in
455 3313 508 3375 uia
532 3322 567 3375 ut
591 3313 716 3376 exaltet
740 3315 772 3375 in
796 3295 913 3396 patriai
936 3312 1022 3375 unde
1038 3313 1122 3374 bene
1139 3311 1201 3373 alia
1217 3320 1318 3372 trans·

95 3410 210 3483 latione
244 3422 377 3484 dicitur:
408 3422 559 3482 timorem
591 3429 700 3482 autem
725 3421 859 3483 Domini
885 3422 957 3503 ipsa
980 3420 1100 3483 laudet.
1132 3420 1203 3501 ipsa
1233 3438 1317 3499 quae

69 3519 292 3603 ³⁰laudabitur,
322 3530 474 3590 timorem
499 3527 632 3589 Domini
663 3527 782 3590 laudet.
815 3530 886 3610 ipsa
914 3529 1000 3589 enim
1025 3548 1091 3589 non
1122 3526 1317 3599 laudaretur,

96 3628 147 3691 ubi
168 3631 278 3697 fatuae
302 3636 528 3708 excluduntur,
552 3635 612 3695 nisi
636 3636 767 3716 sapiens
791 3644 894 3697 esset:
921 3634 1032 3697 laudet
1056 3654 1136 3715 ergo
1156 3635 1316 3707 timorem,

95 3738 146 3813 qui
169 3751 241 3803 erat
264 3744 412 3817 initium‚‘
436 3762 502 3822 quo
526 3742 760 3822 perduceretur
783 3743 826 3802 ad
859 3742 1038 3822 sapientiae
1073 3736 1322 3805 sublimitatem.⁴

200 3895 241 3946 27.
261 3886 301 3934 Ps.
326 3898 381 3946 110,
404 3898 444 3933 10.
