3167 5025
1299 254 1334 320 15

104 444 228 507 uiolati
245 424 419 524 sacrilegio
451 450 601 504 tenemur
624 443 778 507 dominici
803 440 925 523 templi.
949 440 1068 503 deinde
1093 440 1269 503 uidendum
1294 459 1338 500 ex

103 551 405 633 consequentibus
436 568 477 612 an
509 549 598 611 solus
629 568 689 611 rex
714 556 808 611 tanto
832 557 974 609 tremore
998 548 1178 629 susceperit
1202 546 1338 609 uerbum

102 660 260 733 Domini,
292 678 333 720 an
365 659 464 720 etiam
495 658 633 720 subiecti
664 658 732 719 eius
763 655 858 718 simili
889 655 1006 717 inerint
1037 662 1162 717 terrore
1189 653 1337 736 perculsi.

104 768 271 848 sequitur:
295 766 467 849 statimque
489 766 528 827 de
552 776 638 827 nocte
660 786 851 846 consurgens
870 763 1060 834 Abrineleclr,
1083 762 1213 823 uocauit
1234 781 1340 823 orienes

86 896 216 937 ssemos
240 896 324 945 suos,
348 884 379 935 et
400 872 523 936 locutus
546 883 593 934 est
615 873 766 934 uniuersa
789 872 886 933 uerba
909 871 987 933 haec
1010 871 1044 932 in
1068 851 1201 931 auribus
1222 882 1338 940 eorurre

113 984 342 1064 tirnuemmque
365 1002 471 1043 ornnes
495 980 563 1041 m'ri
584 979 687 1041 rralde.
719 988 877 1061 quantum
901 980 1000 1041 etiam
1034 976 1183 1041 adulterii
1215 975 1339 1039 lacinus

111 1089 304 1163 horruerint,
328 1089 428 1171 ipsius
452 1088 539 1169 regis
563 1087 671 1149 uerbis
695 1087 890 1161 declaratur,
913 1087 1031 1168 quibus
1047 1083 1218 1148 Abraham
1235 1084 1339 1146 obiur-

108 1198 220 1278 gando
246 1195 422 1277 alloquitur
446 1196 574 1259 dicens:
605 1195 687 1277 quid
699 1195 815 1277 fecisti
836 1194 948 1257 nobes?
977 1194 1060 1276 quid
1076 1193 1282 1275 percurrimus
1305 1192 1339 1253 iu

106 1316 140 1376 te,
175 1304 258 1386 quia
295 1303 457 1366 induxisti
488 1314 585 1384 srqter
617 1323 666 1364 me
699 1312 729 1365 et
761 1315 857 1384 super
882 1324 1013 1384 rugitum
1044 1322 1148 1364 nterim
1174 1311 1340 1392 peccalum

76 1437 97 1461 10
103 1412 233 1494 grande
241 1413 259 1473 ἓ

214 1520 273 1581 Ex
297 1519 415 1600 quibus
439 1518 590 1581 omnibus
615 1520 854 1581 consideranda
878 1529 911 1581 et
935 1519 1052 1600 iugiter
1068 1527 1119 1580 est
1135 1517 1341 1600 deploranda

106 1629 212 1691 nostri
237 1628 397 1709 temporis
421 1628 558 1701 miseria,
583 1647 657 1689 curn
681 1625 753 1701 hoc,
778 1628 868 1708 quod
892 1626 936 1688 illi
960 1627 1029 1688 sine
1045 1626 1220 1688 interdicto
1244 1625 1341 1706 scrip-

106 1746 157 1798 tae
184 1736 271 1816 legis
298 1732 527 1810 abhorrebant,
551 1755 637 1797 nunc
654 1735 746 1797 multi
770 1755 831 1798 nec
847 1744 1127 1797 sacramentorum
1151 1732 1342 1795 caelestium

107 1843 295 1905 reuerentia
317 1862 379 1904 nec
406 1842 758 1905 excommunicationis
790 1843 935 1906 uindicta
966 1840 1101 1903 cohibiti
1132 1841 1342 1922 impudenter

75 1983 97 2018 15
108 1951 297 2012 admittant.
328 1949 423 2012 nobis
455 1958 565 2013 autern
596 1950 689 2012 iuxta
717 1949 918 2033 spiritualem
941 1949 1117 2011 dumtaxat
1140 1946 1341 2009 intellectum

108 2065 266 2139 suspecta
290 2076 422 2139 semper
445 2078 518 2119 esse
543 2058 666 2119 debent
690 2057 771 2133 loca,
803 2059 835 2120 in
859 2051 977 2138 quibus
1000 2055 1174 2139 periclitari
1197 2056 1268 2117 uisa
1291 2064 1342 2116 est

111 2165 205 2239 Sara,
230 2164 414 2246 Aegyptus
438 2164 590 2227 uidelicet
615 2174 648 2227 et
673 2165 811 2241 Geraia,
835 2165 890 2227 ubi
914 2165 956 2227 ab
980 2145 1169 2245 alienigenis
1194 2162 1343 2245 appetita

117 2282 150 2333 et
171 2293 228 2334 suo
253 2280 306 2333 est
330 2273 447 2333 marito
472 2272 648 2335 subtracta.
679 2272 922 2335 formidandum
947 2280 997 2335 est
1020 2273 1115 2347 enim,
1141 2292 1184 2333 ne
1208 2270 1342 2351 quando

120 2380 157 2441 ab
179 2380 377 2460 alienigenis
400 2380 434 2441 id
458 2389 508 2442 est
533 2380 683 2461 malignis
699 2380 875 2462 spiritibus,
899 2381 1079 2444 animarum
1095 2376 1342 2461 corruptoribus

84 2517 108 2543 20
118 2486 344 2571 comprehensi
379 2507 398 2549 a
433 2487 663 2570 complexibus
699 2488 767 2550 ueri
802 2487 994 2551 diuellamur
1028 2488 1149 2570 sponsi.
1174 2486 1342 2568 'equidem

116 2594 309 2676 Aegyptias
334 2595 367 2658 id
391 2604 441 2657 est
465 2595 603 2658 carnalis
619 2596 705 2658 uitae
730 2595 893 2670 tenebras
920 2597 985 2657 iarn
1001 2594 1079 2656 olim
1103 2596 1341 2676 contempsisse

120 2702 276 2777 uidemur,
305 2723 349 2764 ex
375 2722 441 2783 quo
466 2710 600 2764 sanctae
624 2701 837 2784 professionis
861 2701 1008 2765 habitum
1032 2703 1243 2784 suscepimus
1275 2723 1342 2764 non

125 2816 230 2869 autem
250 2809 398 2892 Aegypti
421 2818 557 2900 vtanturn
590 2811 648 2872 sed
673 2819 706 2871 et
731 2809 875 2872 Gerarae
899 2808 1059 2872 habitatio
1084 2811 1209 2871 cunctis
1233 2808 1341 2871 Deum

122 2917 323 2996 sequentibus
347 2916 555 2980 nihilbminus
579 2927 629 2980 est
653 2918 862 2993 declinanda,
893 2917 970 2998 quia
992 2899 1146 2980 uidelicet
1169 2915 1251 2978 haec
1275 2918 1342 2978 duo

80 3051 104 3086 2⁵
114 3044 226 3105 regna,
256 3034 413 3106 quantum
437 3027 479 3088 ad
504 3027 679 3107 mysticam
707 3035 836 3108 spectat
860 3025 1116 3106 intelligentiam,
1140 3027 1210 3106 pari
1233 3025 1342 3105 impie·

110 3134 187 3194 tatis
212 3135 371 3196 societate
389 3142 520 3196 constat
534 3155 606 3196 esse
629 3132 816 3195 foederata:
844 3132 969 3195 Gerara
992 3134 1123 3214 quippe,
1147 3153 1231 3213 quae
1256 3130 1342 3194 colo-

107 3261 185 3302 num
211 3225 333 3302 eiciens
357 3241 598 3322 interpretatur,
622 3241 810 3322 superbiam
833 3241 993 3320 designat,
1023 3259 1107 3319 quae
1132 3239 1284 3320 angelum
1309 3249 1342 3302 et

105 3347 277 3410 hominem
302 3352 321 3408 a
345 3349 410 3409 suis
442 3348 575 3412 sedibus
608 3349 703 3411 eiecit
729 3356 763 3409 et
786 3349 819 3409 in
849 3347 962 3408 alienis
993 3345 1111 3408 finibus
1141 3348 1342 3428 peregrinari

104 3454 189 3518 lecit.
226 3455 314 3516 unde
338 3454 509 3536 psalmista
532 3474 607 3517 cum
631 3463 763 3516 orasset
788 3455 917 3520 dicens:
949 3474 1011 3515 non
1039 3454 1149 3515 ueniet
1177 3453 1262 3516 milti
1282 3468 1343 3536 pes

67 3589 91 3626 30
100 3561 293 3645 surperbiae:
325 3571 356 3624 et
384 3583 501 3624 manus
524 3563 704 3643 peccatoris
735 3583 797 3623 non
829 3571 957 3623 nzoueat
984 3582 1048 3632 me,
1084 3571 1119 3623 ut
1150 3563 1342 3624 ostenderet

99 3671 250 3734 eandem
289 3669 475 3750 superbiam
506 3670 607 3730 totius
631 3669 743 3731 ruinae
766 3668 818 3730 uel
857 3667 1059 3749 expulsionis
1094 3689 1167 3730 esse
1199 3689 1340 3743 causam,

98 3777 280 3841 subiunxit
296 3785 330 3837 et
347 3777 407 3838 ait:
431 3776 477 3837 ibi
491 3776 675 3848 ceciderunt,
699 3776 757 3856 qui
778 3785 951 3857 operantur
971 3775 1191 3856 iru'qm'tatem:
1214 3777 1345 3858 expulsi

97 3897 197 3958 siant,
231 3897 287 3946 n'ec
310 3893 484 3964 potuerant
512 3894 605 3945 stare.
637 3885 713 3964 quia
736 3885 834 3964 igitur
857 3903 923 3945 non
951 3882 1057 3944 solum
1090 3885 1120 3945 in
1153 3884 1341 3946 transitoria

99 3977 296 4056 diuitiarum
328 4011 384 4052 seu
417 3992 614 4072 dignitatum
646 3988 827 4064 affluentia,
858 3992 917 4051 sed
949 3999 982 4052 et
1009 3991 1042 4051 in
1066 3991 1225 4052 uirtutum
1244 3992 1341 4073 copia

64 4128 88 4163 35
102 4100 251 4164 incautis
275 4111 444 4180 'surrepere
469 4099 553 4161 solet
577 4099 738 4180 superbia,
762 4107 831 4160 tarn
855 4099 887 4158 in
911 4097 1060 4180 profectu
1082 4099 1340 4160 conuersationis

100 4227 208 4289 quam
233 4206 271 4267 in
290 4207 382 4268 initio
406 4207 664 4268 conuersationis
687 4225 752 4267 una
775 4213 809 4266 et
832 4205 949 4268 eadem
973 4225 1105 4286 semper
1120 4213 1236 4267 contra
1251 4204 1344 4266 illam

218 4345 243 4396 b.
265 4348 330 4396 Gen.
352 4361 392 4409 20,
412 4349 436 4397 8.
456 4377 491 4384 -
514 4361 552 4397 10.
572 4349 633 4398 ibid.
654 4365 678 4414 9.
698 4377 733 4383 -
751 4361 792 4410 30,
809 4349 853 4396 eps,
874 4358 916 4410 35,
943 4361 981 4396 12.
1001 4377 1036 4383 -
1056 4359 1098 4408 33·
1118 4347 1159 4394 ps·
1180 4357 1220 4410 35¹
1245 4358 1283 4411 ¹3·
1302 4376 1340 4385 —

102 4449 148 4504 35.
171 4437 309 4502 s'urripere.
330 4437 386 4487 cod,
