3167 5025
278 239 323 306 74

278 424 410 488 calicem
432 423 591 488 salmuris
613 421 780 508 accipiam.
799 423 851 488 ‘ita
873 445 955 508 ergo
975 435 1008 489 et
1024 420 1299 502 beataFelicitas
1322 419 1459 487 humilis
1482 420 1510 484 in
1564 436 1568 501 J

278 531 382 596 oculis
412 533 495 607 suis,
532 553 600 596 uon
631 535 714 596 tanti
745 535 942 596 aestimabat
977 555 1075 597 omne
1105 534 1229 596 bonum
1262 533 1390 596 dierum
1425 533 1510 593 uitae

277 656 372 713 suae,
404 649 439 703 ut
463 641 506 704 ad
530 641 776 704 retribuendum
804 663 866 724 pro
889 642 1042 705 omnibus
1065 661 1148 724 quae
1171 641 1320 705 retribuit
1344 641 1506 702 Dominus

277 745 441 810 sufficiens
465 747 632 824 crederet,
662 749 724 810 nisi
747 757 781 810 et
805 757 946 812 mortem
973 757 1042 812 tam
1066 751 1244 832 pretiosam
1267 749 1301 809 in
1325 756 1503 829 conspectu

278 853 412 917 Domini
444 855 637 930 sustineret,
669 875 753 938 quae
784 857 995 938 praeteritam
1027 857 1127 919 uitam
1161 853 1392 918 sanctificaret.
1428 853 1526 914 hunc:
1570 889 1572 916 r

277 959 387 1024 locum
421 961 484 1024 alia
515 961 687 1024 translatio
718 963 765 1024 sic
797 962 912 1026 habet:
943 973 1100 1047 operatur
1130 964 1217 1025 enim
1240 963 1311 1024 uiro
1335 982 1400 1023 suo
1427 961 1511 1022 bona
1570 1005 1572 1034 ,

277 1078 428 1143 aeterna,
452 1089 519 1130 non
542 1067 630 1132 mala
652 1070 685 1132 in
708 1071 798 1132 omni
822 1079 989 1154 tempore;
1013 1079 1185 1153 operatur,
1212 1070 1332 1151 inquit,
1357 1089 1431 1130 non
1456 1068 1511 1128 sibi

277 1176 336 1238 sed
361 1177 441 1250 uir0,
465 1178 532 1238 uita
556 1177 663 1257 magis
687 1195 785 1258 quam
809 1177 919 1240 uerbis
943 1178 1039 1242 nobis
1062 1180 1237 1252 insinuans,
1268 1185 1313 1250 ut,
1341 1177 1400 1257 qui
1426 1177 1511 1243 uiuit.

276 1285 341 1346 iam
374 1283 527 1346 nonsibi
551 1285 657 1358 uiuat,
688 1284 747 1346 sed
771 1286 817 1359 ei,
849 1286 904 1366 qui
935 1295 1083 1348 mortuus
1117 1295 1167 1348 est
1199 1305 1260 1368 pro
1291 1283 1453 1346 omnibus
1483 1291 1511 1342 et

276 1391 464 1454 resurrexit.
496 1391 568 1453 uiro
599 1391 686 1452 enim
717 1400 889 1472 operatur,
919 1391 953 1454 id
985 1401 1035 1454 est
1067 1413 1179 1455 coram
1209 1391 1357 1454 Domino
1388 1391 1537 1452 bonum¹0

277 1508 449 1582 operatur:
473 1497 516 1560 illi
532 1498 657 1560 deuota
680 1507 739 1573 est,
764 1497 853 1560 illum
878 1497 991 1580 diligit,
1015 1499 1058 1562 illi
1083 1499 1213 1582 placere
1237 1499 1359 1560 studet.
1385 1517 1456 1560 non
1478 1517 1510 1558 se

276 1614 380 1680 ornat,
404 1626 471 1668 nou
495 1615 633 1689 propter
657 1605 772 1669 oculos
797 1627 874 1669 suos
897 1628 958 1669 nec
982 1617 1119 1691 propter
1143 1606 1276 1682 alienos,
1299 1627 1370 1670 non
1396 1616 1449 1668 est
1471 1607 1508 1667 de

275 1710 341 1786 his,
370 1713 426 1794 qui
450 1711 511 1774 sibi
536 1712 685 1795 placent,
717 1733 784 1775 nun
808 1715 850 1775 de
874 1713 941 1788 his,
973 1715 1027 1796 qui
1051 1735 1111 1777 sua
1135 1724 1303 1797 quaerunt.
1336 1715 1404 1777 sibi
1429 1714 1505 1776 enim

275 1828 470 1902 operantur,
504 1821 559 1902 qui
592 1841 651 1882 sua
683 1829 860 1902 quaerunt,
893 1841 960 1882 non
985 1841 1069 1902 quae
1088 1821 1165 1902 Jesu
1190 1821 1320 1884 Christi.
1353 1830 1504 1904 operatur
1571 1799 1572 1834 ³

275 1935 386 1989 autem
417 1928 481 1990 ista
511 1925 564 1990 uel
596 1927 705 1989 reddit
729 1929 800 1988 uiro
824 1947 884 1988 suo
908 1927 996 1989 bona
1020 1936 1154 1990 aeterna
1178 1930 1209 1990 in
1234 1931 1324 1990 omni
1348 1938 1523 2010 temporeo

274 2035 306 2096 in
338 2037 504 2117 praesenti
535 2035 660 2097 scilicet
684 2043 717 2096 et
742 2037 773 2096 in
798 2033 923 2108 futuro,
957 2043 1093 2098 cantans
1117 2038 1149 2098 in
1184 2047 1356 2099 aeternum
1394 2035 1491 2098 miseri·

274 2143 405 2204 cordias
429 2142 572 2204 Domini.
1571 2133 1572 2136 ¹

684 2372 992 2436 CAPITVLVM
1016 2373 1099 2437 IIII.

640 2520 736 2579 Laus
759 2520 803 2579 ab
828 2519 943 2597 operis
967 2519 1143 2581 instantia.

382 2676 534 2761 Qualitas
557 2698 638 2740 uero
661 2678 713 2741 uel
737 2678 912 2740 assiduitas
941 2680 1067 2761 operis,
1099 2680 1189 2760 quod
1214 2700 1374 2761 praesens
1408 2680 1527 2761 exigrtm

275 2788 359 2859 uita,
392 2787 535 2847 discrete
563 2787 775 2867 exprimitur,
810 2806 884 2847 cum
919 2788 1070 2867 protinus
1099 2786 1313 2849 subinfertur:
1349 2786 1505 2869 quaesiuit

273 2894 387 2955 lurnmr
409 2903 442 2954 rt
462 2892 575 2963 lr'rrrrm,
597 2903 629 2953 r!
649 2903 779 2974 operata
802 2903 851 2953 es!
871 2892 1002 2953 corrse'lr'o
1025 2915 1180 2955 mannum
1203 2916 1348 2957 niumm.

383 3000 615 3063 Venerabilem
639 3009 825 3061 matronam
849 2998 934 3061 hanc
958 3002 1056 3062 etiam
1080 3000 1123 3062 ad
1147 3002 1291 3063 litteram
1314 3001 1367 3064 his
1398 3002 1504 3065 studiis

274 3109 422 3171 deditam
445 3106 545 3171 fuisse
568 3127 668 3169 nemo
691 3106 839 3185 ambigit,
863 3116 898 3166 ut
920 3104 1103 3169 laborando
1119 3110 1303 3170 secundum
1319 3110 1502 3191 apostolum

274 3216 427 3278 munibus
450 3217 518 3277 suis
540 3214 688 3287 baberet,
712 3215 801 3275 unde
823 3214 981 3275 tribueret
1001 3216 1234 3277 necessitatem
1251 3219 1404 3298 patienti.
1428 3217 1524 3297 equi-:s

274 3324 352 3384 dem
382 3322 524 3385 iaciebat
554 3322 620 3384 hoc
647 3330 849 3383 nontamen
874 3319 1057 3381 inconsulte
1080 3340 1142 3382 nec
1165 3322 1447 3405 intemperanter,
1473 3330 1497 3381 ut
1570 3372 1571 3376 ,

274 3428 471 3511 quibusdam
486 3429 596 3521 'moris
620 3437 680 3501 est,
704 3428 760 3508 qui
783 3426 886 3489 modo
909 3426 1007 3487 nimis
1030 3429 1230 3509 praecipites
1254 3432 1360 3491 modo
1385 3426 1493 3493 remini

274 3547 350 3601 sunt
379 3538 413 3599 in
444 3557 547 3619 opere
578 3556 657 3608 suo,
688 3534 779 3615 quod
811 3542 986 3612 utrumque
1017 3534 1155 3594 noxium
1186 3545 1254 3609 est,
1286 3538 1346 3598 sed
1379 3534 1496 3601 cornilio

275 3664 430 3707 instruunt
453 3664 596 3710 suumne,
620 3662 735 3704 eornm
759 3639 892 3713 scilicet,
916 3659 1001 3719 quos
1024 3639 1067 3700 ad
1084 3640 1332 3705 similitudinem
1347 3646 1503 3707 membro

275 3770 347 3814 rum
378 3750 529 3833 corporis
551 3750 757 3812 necessarios
780 3756 813 3809 et
838 3748 963 3808 amicos
987 3743 1101 3805 fideles
1123 3746 1279 3811 habebat
1311 3752 1403 3815 absit
1426 3753 1531 3814 enimi⁰
1569 3730 1570 3771 3

275 3869 311 3921 ut
340 3865 434 3919 tantu
465 3855 582 3917 mulier
610 3875 743 3918 manum
774 3853 827 3915 uel
856 3854 977 3935 pedem
1000 3848 1187 3914 huiusmodi
1210 3854 1382 3931 habuerit,
1414 3874 1504 3940 quem

274 3964 457 4028 secundum
481 3962 643 4041 euangelii
665 3970 881 4045 praeceptum
905 3978 967 4040 pro
990 3956 1148 4017 scandalo
1164 3963 1323 4025 euitando
1339 3966 1506 4028 abscidere

275 4082 309 4135 et
332 4071 482 4155 proicere
505 4089 526 4129 a
547 4089 586 4129 se
608 4069 776 4138 debuerit,
808 4067 868 4127 sed
892 4064 1091 4145 quicumque
1114 4071 1276 4148 temporis
1298 4071 1386 4133 illius
1408 4091 1506 4133 sacer·

275 4179 373 4241 dotes
403 4176 549 4257 religiosi
579 4196 619 4237 ac
642 4176 750 4237 Deum
773 4176 929 4235 timentes
951 4168 1218 4248 inueniebantur,
1251 4176 1372 4239 borum
1396 4177 1507 4261 procul

275 4286 381 4349 dubio
402 4282 621 4347 suntiliaritate
644 4292 745 4363 atque
767 4279 906 4342 consilio
933 4278 966 4337 in
990 4276 1053 4336 Dei
1077 4278 1174 4340 rebus
1198 4284 1361 4346 utebatur.
1395 4286 1532 4347 borumc

386 4440 408 4475 1.
428 4428 467 4475 l‘s.
493 4438 549 4489 115,
574 4438 604 4473 ιε
623 4442 661 4487 sq
738 4436 777 4469 ιο.
798 4420 873 4468 t'ons.
896 4420 928 4467 n.
950 4420 1008 4465 (υτ.
1029 4428 1053 4479 5,
1078 4430 1116 4481 ¹5-
