3167 5025
264 264 309 343 46

264 470 393 545 partem
425 458 528 541 longo
560 480 620 521 uos
653 459 842 523 caelestium
870 459 1106 520 desideriorum
1131 460 1292 521 exercitio
1316 460 1481 537 insudasse,

264 570 470 652 pedibusque
502 569 675 632 saluatoris
707 568 907 640 assidentes,
939 574 971 628 et
1005 566 1180 628 uerborum
1212 568 1282 628 eius
1306 567 1427 631 deliciis
1446 569 1482 631 al·

264 676 411 752 fluentes
435 697 509 739 cum
527 675 699 758 psalmista
715 676 840 737 dicere:
863 694 962 755 quom
978 673 1088 735 dulcio
1104 674 1261 754 faucibus
1276 676 1356 736 meis
1370 675 1483 758 eloquio

263 796 320 849 tuo
344 784 504 858 Domine,
534 796 631 866 super
659 782 725 845 mel
752 791 785 843 et
813 780 923 845 fauum
945 781 997 842 oro¹
1016 802 1092 843 meo.
1123 782 1183 843 sed
1207 803 1284 844 cum
1307 781 1372 845 hoc
1394 804 1483 845 unum

263 895 305 955 sit
335 892 573 966 necessarium,
604 892 717 972 paucis
749 898 861 951 tamen
891 890 925 951 in
954 889 1118 970 praesenti
1149 888 1218 951 uita
1240 900 1427 971 praestatur
1447 894 1508 955 ads

263 1008 395 1074 uotum,
428 998 538 1081 plures
571 1018 650 1059 uero
678 996 828 1059 Marthae
862 996 975 1058 incitat
1007 996 1159 1058 studium.
1193 1017 1255 1059 uos
1287 1019 1419 1080 quoque
1448 1022 1483 1062 ne
1554 1036 1557 1129 q

263 1107 397 1190 quando
421 1106 482 1167 sub
506 1107 616 1187 specie
641 1104 815 1186 spiritualis
839 1102 969 1165 sabbati
993 1104 1062 1163 otio
1085 1104 1246 1186 torpeatis
1270 1106 1384 1181 inutili,
1415 1127 1483 1170 non·
1555 1141 1556 1186 3

262 1234 442 1295 numquam
466 1234 487 1276 a
510 1234 667 1275 consessu
691 1214 814 1275 Mariae
839 1212 881 1273 ad
905 1232 988 1293 opus
1011 1210 1161 1273 Marthae
1184 1215 1427 1290 conuertimini,
1455 1227 1484 1279 ut
1555 1231 1556 1264 ³

263 1322 357 1384 huius
390 1322 550 1384 exercitio
584 1321 746 1402 uegetati,
783 1341 895 1382 rursus
927 1319 1101 1381 alacriores
1134 1320 1166 1380 in
1205 1321 1483 1404 contemplationis
1555 1329 1556 1332 ’

263 1430 370 1510 gratia
393 1430 610 1491 inueniamini.
635 1429 693 1491 sed
718 1428 796 1509 quid
821 1448 886 1509 ego
910 1425 1079 1488 imbecillis
1102 1425 1229 1504 faciam,
1258 1430 1315 1509 qui
1340 1430 1382 1491 ad
1406 1433 1508 1492 uaria¹0

264 1534 415 1599 Marthae
440 1536 548 1599 officia
571 1535 750 1610 distrahor,
778 1556 840 1597 nec
864 1544 976 1596 tamen
999 1534 1051 1595 uel
1076 1534 1118 1595 ad
1142 1554 1242 1595 unum
1265 1534 1385 1599 horum
1409 1538 1483 1599 utilis
1556 1527 1558 1587 ἶ

264 1653 321 1705 aut
343 1646 481 1707 idoneus
505 1644 672 1707 inuenior?
697 1653 826 1707 uestrae
850 1642 983 1724 quidem
1007 1642 1034 1702 si
1057 1642 1168 1703 liceret
1190 1643 1371 1724 impensius
1389 1646 1482 1707 deser·
1556 1645 1557 1716 l

263 1752 330 1814 uire
354 1752 472 1815 uellem
497 1754 679 1827 sanctitati,
711 1752 770 1814 sed
795 1752 873 1813 dum
898 1750 939 1811 ab
963 1748 1033 1810 aliis
1057 1748 1099 1810 ad
1123 1749 1186 1811 alia
1208 1750 1353 1814 sollicito
1375 1762 1408 1815 et
1431 1761 1482 1814 tur·

263 1861 342 1923 bato
366 1862 477 1923 animo
501 1862 664 1937 discurro,
697 1880 814 1922 uereor
837 1880 878 1921 ne
901 1857 1017 1919 saltem
1042 1856 1106 1919 hoc
1130 1858 1253 1939 ipsum,
1284 1861 1378 1940 quod
1408 1880 1482 1922 nunc

262 1970 294 2029 in
327 1970 476 2032 manibus
508 1977 575 2044 est,
610 1990 676 2033 non
708 1990 762 2043 ea,
799 1987 864 2048 qua
894 1985 1149 2049 proposueram,
1184 1965 1356 2049 diligentia
1386 1968 1504 2031 ualeatu

263 2075 429 2163 explicari.

652 2305 960 2372 CAPITVLVM
985 2304 1104 2366 XVII.

741 2455 794 2516 De
818 2453 1010 2512 Zacchaeo.

369 2618 438 2679 lam
471 2617 594 2678 dudum
626 2616 794 2696 assignare
822 2612 1008 2693 cupientes,
1040 2630 1106 2690 qua
1135 2611 1292 2672 uirtutum
1324 2614 1479 2683 industria,

261 2748 327 2810 qua
351 2727 540 2788 meritorum
565 2724 671 2805 gloria
695 2721 875 2784 thalamum
896 2735 991 2779 suum
1008 2714 1071 2777 filia
1087 2715 1166 2778 Sion
1182 2717 1346 2782 adornare
1363 2722 1505 2791 debeat,2⁰

262 2838 316 2900 ubi
346 2836 486 2897 electum
518 2855 562 2894 ex
592 2831 721 2894 milibus
752 2826 1031 2906 dilectumdigne
1055 2825 1220 2906 suscipere
1244 2826 1372 2904 ualeat,
1403 2849 1479 2911 prae

261 2945 349 3007 clara
373 2950 601 3023 susceptorum
625 2940 694 3001 eius
722 2934 877 3016 exempla
900 2931 1147 3015 proposuimuS,
1180 2932 1357 3013 inquibus
1382 2947 1477 2999 tamen

261 3073 327 3114 non
358 3060 425 3114 tam
453 3048 541 3122 illos,
574 3067 593 3108 a
623 3045 739 3127 quibus
764 3044 885 3105 deuote
909 3048 1082 3120 susceptus
1106 3048 1172 3112 est,
1204 3061 1303 3120 quam
1327 3043 1436 3125 ipsum
1453 3043 1473 3102 in

261 3159 382 3222 sanctis
406 3158 472 3219 suis
496 3153 677 3217 mirabilem
714 3152 914 3214 admirantes
949 3147 1192 3228 praedicamuS,
1222 3149 1273 3209 cui
1303 3170 1380 3212 cum
1410 3147 1476 3233 psal·

265 3268 362 3328 mista
385 3264 536 3326 dicimus:
561 3272 595 3324 tu
611 3271 716 3322 autem
733 3257 872 3320 Domine
886 3264 1046 3334 susceptor
1066 3273 1154 3314 meus
1176 3274 1216 3325 er,
1234 3255 1347 3335 glon'a
1370 3279 1440 3321 mea
1459 3264 1504 3315 etas

260 3373 411 3435 exaltans
427 3382 524 3454 caput
538 3391 650 3432 meum.
675 3368 730 3449 qui
754 3366 815 3427 nisi
839 3384 901 3426 nos
918 3362 1008 3445 prius
1032 3361 1174 3442 gratuita
1196 3361 1401 3444 benignitate
1425 3385 1481 3426 sus·

262 3483 422 3563 cepisset,
456 3480 564 3543 locum
598 3480 630 3540 in
663 3477 758 3539 nobis
792 3494 858 3555 quo
891 3473 1110 3552 susciperetur
1141 3470 1272 3532 minime
1304 3473 1481 3535 inuenisset.

261 3589 429 3671 praecedit
453 3589 538 3650 enim
563 3587 678 3669 gratia,
703 3604 768 3665 qua
792 3589 951 3663 operante
975 3580 1164 3640 meritorum
1186 3581 1368 3642 succedunt
1392 3583 1482 3642 incre·

261 3705 387 3771 menta,
421 3716 591 3777 quousque
624 3691 818 3774 compositis
849 3698 884 3750 et
915 3687 1041 3769 pacatis
1074 3685 1225 3747 omnibus
1257 3684 1314 3749 fiat
1347 3688 1383 3749 in
1407 3700 1483 3768 poce

262 3804 348 3865 locus
371 3804 438 3866 eius
460 3815 491 3866 et
512 3805 546 3866 in
565 3802 642 3866 Szon
666 3797 823 3862 habitatio
846 3797 920 3858 eius.
945 3796 1017 3877 ipsa
1039 3795 1149 3874 itaque
1173 3793 1237 3854 Dei
1259 3795 1429 3876 sapientia,
1450 3799 1510 3852 uta0

262 3912 506 3994 scriptumest,
531 3916 759 3993 praeoccupat,
789 3905 848 3986 qui
867 3924 900 3964 se
922 3901 1156 3984 concupiscunt,
1187 3911 1223 3961 ut
1244 3900 1313 3963 illos
1340 3923 1373 3963 se
1394 3900 1483 3984 paror
1558 3952 1560 3959 ,

262 4019 412 4082 ostendor.
436 4021 550 4102 dzgnos
572 4040 605 4080 re
628 4018 699 4099 ipso
724 4013 841 4077 circuit
861 4030 1028 4093 quaerens,
1057 4018 1089 4070 et
1110 4009 1144 4069 in
1167 4008 1232 4069 uiz‘s
1257 4009 1326 4071 suis
1353 4005 1483 4071 ostendit

261 4148 294 4187 se
317 4127 385 4189 illis
407 4128 570 4199 ltz'lon'ter,
599 4137 629 4188 et
656 4126 690 4186 in
720 4122 809 4185 omni
830 4118 1003 4202 prudentia
1026 4117 1163 4179 occurrit
1188 4116 1263 4177 illos.
1292 4117 1382 4198 quod
1411 4132 1479 4176 cum

262 4235 331 4296 sine
345 4235 584 4297 intermissione
601 4230 768 4295 inuisibilis
786 4227 955 4311 potentiae
972 4231 1126 4306 operetur
1141 4221 1293 4297 efficacia,
1310 4220 1479 4303 aliquando

368 4392 391 4437 4.
412 4378 452 4425 Ps.
476 4377 532 4436 118,
557 4390 612 4438 103.
637 4405 671 4411 -
699 4369 739 4421 26.
760 4374 800 4420 Ps.
822 4383 845 4431 3,
865 4385 888 4430 4.
913 4397 948 4404 —
974 4379 1014 4428 30.
1035 4369 1075 4415 Ps.
1097 4379 1137 4429 74,
1158 4379 1181 4428 3.
1202 4395 1236 4401 —
1256 4377 1297 4427 32.
1318 4368 1376 4430 Sap.
1394 4360 1418 4424 ὁ,
1443 4375 1477 4421 ¹4·

262 4494 297 4502 —
316 4477 357 4531 33.
378 4467 436 4529 Sap.
457 4463 481 4525 ὁ,
505 4476 542 4525 17.
