3167 5025
212 239 235 323 4

212 416 350 479 sectibus
382 436 569 479 accrescere
594 417 765 499 coepistis,
797 417 883 478 adeo
906 425 941 478 ut
965 438 1009 479 ex
1034 417 1150 479 merito
1182 417 1442 481 conuersationis

212 532 350 607 accepta
381 525 611 609 communione
643 525 784 588 nominis
815 544 876 587 uos
899 524 1107 608 nihilominus
1136 522 1191 587 filii
1214 533 1441 587 accrescentes

212 640 245 693 et
269 632 380 694 decori
405 639 541 713 aspectu
567 632 630 693 dici
654 630 812 693 debeatis,
837 631 927 692 cuius
952 632 1092 693 nominis
1113 632 1342 714 interpretatio
1365 633 1443 714 quia

212 747 426 821 augmentum
458 746 569 811 sonat,
602 746 722 820 coepta
753 738 886 820 pietatis
910 739 1068 801 exercitia
1091 759 1179 802 nouo
1204 759 1335 822 semper
1365 760 1441 822 aug·

212 855 324 909 mento
349 845 563 928 multiplicare
588 846 734 918 studete,
766 854 917 907 sanctum
940 846 1041 927 ipsius
1065 846 1338 929 templumquod
1362 849 1442 910 estis
1469 871 1480 908 s

123 968 125 975 '
212 974 272 1016 uos
304 953 468 1015 bonorum
500 954 644 1015 omnium
677 954 773 1034 eopia
796 962 967 1026 exornate,
998 974 1065 1034 quo
1093 954 1364 1037 iucundius-illud
1389 956 1442 1017 de·

211 1061 353 1124 lectetur
375 1059 565 1123 inhabitare.
591 1060 680 1123 scitis
704 1062 765 1143 ipsi
789 1061 1006 1123 iuramentum
1023 1069 1056 1123 et
1072 1070 1186 1145 uotum
1203 1061 1442 1145 propheticum,

211 1170 313 1232 immo
348 1176 514 1243 nostrum,
553 1168 643 1249 quod
683 1189 757 1230 curn
792 1169 866 1250 ipso
901 1167 1066 1251 propheta
1100 1168 1217 1250 singuli
1255 1167 1445 1251 frequenter

211 1277 387 1339 iurauimus
411 1284 444 1337 et
468 1276 618 1339 uouimus
642 1275 806 1337 dicentes:
838 1276 880 1361 si,
898 1275 1047 1337 introiero
1069 1277 1103 1337 in
1127 1276 1366 1362 tabernaculum
1391 1278 1444 1339 do·

212 1404 284 1445 mus
306 1404 406 1454 meae,
437 1384 470 1445 si
490 1383 659 1446 ascendero
683 1384 716 1445 in
741 1384 854 1445 lectum
878 1383 976 1445 strati
997 1384 1075 1455 mei,
1106 1384 1273 1446 sidedera
1294 1406 1479 1448 somniorum

211 1490 312 1553 oculei
335 1491 424 1563 merie·
445 1501 476 1553 et
491 1490 657 1573 palpebris
673 1492 751 1553 meis
767 1491 1031 1563 dormitationem,
1055 1502 1085 1553 et
1099 1493 1237 1574 requiem
1251 1494 1444 1575 tempon'bas

212 1598 298 1669 meis,
321 1598 418 1659 donec
441 1599 605 1661 inueniam
630 1598 732 1659 locam
757 1598 905 1669 Domino,
929 1598 1169 1661 tabemaculum
1186 1599 1255 1660 Deo
1283 1599 1393 1671 Jacob.

214 1776 217 1790 ᾗ
320 1707 409 1771 Ecce
442 1708 560 1775 uidetis
591 1708 633 1769 ad
666 1706 889 1769 exhibendam
921 1708 950 1780 ci
979 1708 1088 1789 cordis
1111 1709 1214 1769 nostri
1238 1709 1445 1771 mansionem

212 1823 336 1895 quanta
361 1816 534 1877 iuramenti
558 1824 591 1876 et
615 1816 683 1877 uoti
708 1814 962 1896 constringimur
985 1817 1199 1891 necessitate,
1230 1817 1358 1879 etiamsi
1382 1818 1445 1898 spi·

210 1923 290 1983 ritus
314 1942 380 1983 non
405 1924 600 1985 duceremur
622 1922 780 1985 libertate.
815 1923 919 1984 aderit
950 1931 1061 2006 autem
1091 1924 1162 2004 ipse
1186 1924 1346 1985 reddendi
1371 1926 1443 1986 uoti
1456 1952 1482 1988 ιε

211 2029 349 2104 adiutor,
377 2031 431 2111 qui
462 2030 614 2092 desiderii
642 2028 792 2091 caelestis
817 2030 941 2090 initium
965 2050 1024 2091 sua
1047 2030 1155 2111 gratia
1178 2030 1372 2111 inspiratum
1397 2032 1441 2093 ad

213 2145 463 2222 consummatae
496 2136 697 2223 operationis
728 2136 879 2217 perducit
903 2136 1086 2220 terminum.
1121 2155 1248 2198 memor
1279 2138 1339 2200 erit
1370 2160 1446 2221 pro

212 2244 375 2305 missionis
400 2264 478 2305 suae
507 2264 573 2324 qua
603 2244 663 2305 ait:
697 2242 883 2304 inhabitabo
913 2242 947 2302 in
978 2242 1047 2303 illis
1077 2253 1108 2304 et
1124 2243 1347 2326 ¹inambulabo.
1381 2246 1445 2309 ista

212 2358 288 2412 sunt
312 2351 399 2439 enim
423 2351 669 2413 miserationum
693 2350 762 2411 eius
786 2369 888 2432 opera
913 2370 932 2411 a
955 2348 1093 2411 saeculis
1117 2358 1150 2412 et
1164 2352 1443 2430 generationibus

212 2467 245 2520 et
272 2457 411 2549 delier'ae
425 2448 428 2455 “
441 2459 510 2548 eius
541 2479 606 2522 esse
633 2479 703 2522 cura
719 2458 809 2542 filiis
832 2457 1005 2520 hominum.
1029 2477 1105 2544 nam
1130 2479 1173 2522 ex
1198 2478 1263 2544 quo
1287 2479 1346 2542 per
1367 2480 1477 2541 pec-20

212 2575 322 2629 catum
355 2566 397 2629 ab
415 2565 484 2629 ¹illa
516 2587 662 2629 summae
694 2566 906 2628 beatitudinis
938 2587 1012 2628 arce
1043 2567 1077 2627 in
1104 2587 1331 2629 aerumnosam
1354 2565 1438 2628 hanc
1487 2643 1490 2647 ¹

212 2673 417 2764 lacrimarum
443 2673 626 2756 conpallem
650 2674 776 2755 delapsi
805 2694 933 2746 sumus,
965 2675 1112 2735 exerceri
1144 2693 1210 2736 non
1242 2674 1365 2737 destitit
1395 2674 1440 2736 in·

213 2782 300 2843 uicta
323 2782 424 2864 ipsius
448 2781 579 2844 bonitas
611 2782 653 2844 ad
678 2773 888 2843 reficiendum
914 2781 1004 2862 quod
1028 2778 1150 2843 fecerat
1174 2801 1264 2863 opus,
1298 2783 1385 2844 miris
1409 2792 1444 2845 et

211 2889 427 2972 ineffabilibus
462 2890 584 2976 modiS,
609 2889 710 2972 nouis
742 2898 775 2950 et
798 2888 1067 2972 ‘inscrutabilibus
1091 2888 1233 2950 consiliis
1258 2891 1445 2969 necess-aria

212 2995 307 3058 'saluti
323 3001 465 3060 *nostrae
483 2979 663 3078 'exquisita'
678 3005 753 3059 sunt
777 2995 932 3071 remedia,
963 3005 998 3057 ut
1024 2981 1214 3077 multiplicia
1237 2976 1445 3059 mortis'uul·
1457 3032 1482 3066 25

211 3125 290 3168 nera
314 3104 522 3187 multiplicior
555 3113 778 3190 exsuperaret
800 3104 887 3165 uitae
917 3103 1087 3165 medicina
1119 3111 1306 3184 susceptam
1338 3102 1443 3166 homo

211 3195 391 3274 conditoris
424 3214 473 3274 sui
504 3212 612 3294 legem
644 3211 728 3274 male
756 3219 914 3298 ueurpato
929 3211 1131 3285 ¹interdictae
1156 3210 1282 3272 arboris
1302 3211 1443 3274 ,uiolauit

208 3318 354 3406 .fldUll⁰›,.
368 3319 480 3400 sicque
511 3321 633 3407 'mentis
660 3319 831 3400 auersione
855 3317 1039 3404 refugit.ab
1063 3319 1152 3399 ipso,
1183 3317 1226 3377 ad
1262 3339 1361 3398 quem
1393 3340 1444 3382 su-

210 3426 416 3512 scipiendum
433 3427 682 3509 promptissimo
696 3427 797 3489 totius
813 3426 941 3487 uirtutis
958 3445 1128 3488 occurrere
1143 3422 1304 3508 debuerat
1320 3424 1441 3499 officio.

210 3534 276 3622 sed
294 3553 391 3622 quem
417 3542 663 3622 contempserat
687 3534 719 3596 in
743 3533 858 3615 patria,
888 3533 956 3594 eius
980 3551 1097 3617 uocem
1120 3531 1184 3591 iam
1208 3540 1286 3614 post
1310 3541 1441 3614 tergum
1453 3567 1480 3601 30

210 3641 374 3710 monentis
397 3642 534 3723 suscipit
558 3643 589 3703 in
613 3643 685 3724 ipsa
709 3640 798 3726 exilii
822 3641 870 3702 sui
895 3658 1066 3703 aerumna:
1099 3637 1211 3717 sicque
1239 3658 1348 3721 poena
1372 3661 1442 3711 eru-

209 3749 274 3822 dit,¹
291 3767 391 3828 quem
414 3748 540 3811 indulta
563 3749 691 3835 pridem
715 3749 822 3834 gratia
845 3767 912 3810 non
936 3744 1090 3808 cohibuit.
1125 3743 1203 3824 quid
1227 3752 1338 3827 autem
1362 3747 1440 3809 inui-

209 3855 346 3928 sibiliter
376 3857 462 3918 circa
493 3876 596 3938 genus
629 3854 807 3940 humanum
841 3852 955 3916 sedula
982 3853 1027 3934 pii
1051 3850 1230 3913 conditoris
1253 3840 1308 3932 agi
1331 3852 1459 3934 soleat.

114 3999 116 4006 ,
209 3963 405 4038 uisitatione,
428 3984 663 4045 nonnunquam
687 3962 749 4024 uel
763 3972 840 4048 ante
863 3961 972 4043 legem
994 3959 1047 4021 uel
1071 3957 1227 4040 sublege
1252 3959 1369 4021 uisibili
1386 3981 1439 4024 an·

113 4105 115 4110 v
208 4070 358 4152 gelorum
390 4071 647 4154 praefiguratum
668 4079 729 4132 est
760 4068 1050 4155 administratione.
1085 4066 1227 4149 antiquis
1257 4067 1343 4144 enim
1367 4066 1437 4143 illis,
1450 4099 1476 4134 ss

209 4187 243 4240 ut
268 4177 438 4264 apostelus
462 4181 516 4254 ait,
539 4179 649 4242 omnia
665 4178 702 4239 ire
707 4178 824 4264 figura
846 4174 1084 4259 contingebant:
1106 4173 1226 4254 sarapta
1241 4183 1317 4234 sunt
1330 4183 1438 4255 autem

208 4287 257 4348 ad
285 4287 507 4367 correpaoaem
532 4297 690 4357 nostram,
720 4285 754 4345 ia
770 4304 863 4368 equos
885 4282 973 4366 fines
1002 4281 1201 4344 saeculorum
1236 4279 1436 4342 deuenemnt.

317 4441 355 4480 12.
368 4429 407 4476 Ps.
424 4441 480 4493 131,
496 4441 565 4494 3.-
579 4428 617 4477 18.
629 4429 663 4476 II.
679 4427 737 4478 Cor.
751 4421 775 4486 ὁ,
795 4421 931 4478 16.—2o.
943 4425 1016 4473 Prou.
1031 4423 1056 4484 8,
1070 4436 1111 4489 31.
1125 4451 1160 4460 -
1175 4422 1317 4487 37.1.C0r.
1334 4433 1373 4481 10,
1390 4434 1432 4472 11.
