3167 5025
1282 250 1321 322 23

200 440 351 503 Domino
375 442 417 503 ad
447 438 640 505 Gedeonem
665 439 860 523 respiciente
883 448 917 502 et
940 437 1093 502 fiduciam
1116 438 1145 500 ei
1169 439 1269 501 dante
1290 459 1328 500 ac

91 547 245 611 dicente:
269 568 325 630 ego
347 570 399 610 era
422 558 542 610 tecum:
565 558 596 609 et
611 549 770 630 percuties
792 548 942 620 Madian,
971 548 1069 629 quasi
1088 547 1196 608 m’mm
1219 566 1327 620 tartum,

89 656 140 717 ille
172 657 369 738 respondit:
400 656 433 718 si
454 656 578 729 iuueni,
610 657 775 737 inquienS,
802 655 948 736 gratiam
972 676 1080 717 coram
1104 665 1148 726 te,
1179 653 1223 715 da
1247 652 1332 714 mila'

91 765 241 845 aguam,
266 764 354 845 quad
374 774 408 826 tu
431 764 493 837 sas,
517 763 575 845 qai
596 763 734 845 laquens
757 762 806 825 ad
824 784 882 824 me.
914 784 953 823 ae
976 762 1104 824 recedas
1126 762 1209 833 la‘ac,
1232 760 1330 822 aaut

75 882 241 933 sreaertar
265 871 314 933 ad
333 881 369 943 te,
387 881 525 953 portans
547 871 744 954 sacraficium
768 881 799 932 et
820 870 953 953 afferam
977 870 1041 931 a'bi.
1072 869 1233 931 eiusmodi
1257 888 1328 949 pru·

100 981 225 1041 dentiae
256 979 385 1041 cautela
409 980 507 1041 etiam
527 979 626 1058 Josue
650 998 743 1041 usum
768 977 923 1058 legimus,
947 978 1003 1059 qui
1028 977 1244 1060 apparentem
1268 974 1329 1036 sibi

99 1087 254 1168 angelum
285 1096 319 1149 et
350 1088 561 1168 euaginatum
585 1096 752 1149 tenentem
781 1086 935 1167 gladium,
959 1106 1026 1147 non
1049 1086 1161 1147 statim
1184 1084 1328 1170 suscepit

98 1203 126 1254 ut
154 1196 365 1270 adiutorem,
400 1196 459 1257 sed
492 1204 587 1257 caute
618 1203 833 1277 percontatus
863 1203 913 1256 est
937 1194 1064 1255 dicens:
1096 1202 1201 1255 auster
1221 1209 1270 1264 es,
1285 1211 1329 1252 aa

95 1301 386 1364 aduersan'amm?
398 1302 516 1382 quibus
529 1301 690 1384 exemplis
703 1302 887 1363 necessaria
902 1301 998 1362 nobis
1011 1296 1217 1362 discretionis
1228 1298 1330 1361 uirtus

66 1411 295 1486 minsinuatur,
327 1430 368 1472 ne
399 1410 551 1471 uidelicet
583 1410 672 1471 omni
696 1410 821 1491 spiritui
846 1409 1035 1482 credamus,
1067 1407 1126 1469 sed
1151 1406 1330 1489 probemus

97 1518 225 1599 spiritus
262 1518 289 1579 si
320 1538 364 1578 ex
390 1517 464 1580 Deo
488 1526 572 1579 sunt.
606 1516 753 1579 sciebant
778 1517 864 1577 enim
889 1517 993 1577 sancti
1009 1525 1129 1597 patres
1153 1534 1244 1588 eum,
1274 1515 1329 1594 qui

95 1646 149 1705 per
180 1633 378 1707 serpentem
410 1624 539 1686 locutus
570 1633 620 1686 est
651 1623 843 1706 parentibus
867 1625 995 1705 primis,
1029 1621 1213 1703 aliquando
1230 1623 1329 1683 etiam

96 1732 332 1813 transfigurare
356 1751 391 1792 se
415 1732 448 1793 in
472 1731 624 1813 angelum
650 1732 738 1805 lucis,
763 1732 905 1811 ideoque
929 1730 1093 1791 interdum
1114 1729 1329 1810 suscipiendis

97 1839 245 1903 difficiles
277 1847 371 1901 erant
394 1840 560 1921 spiritibus
584 1839 696 1912 bonis,
727 1860 768 1900 ne
793 1839 926 1918 quando
951 1838 1213 1919 incircumspecti
1237 1836 1329 1897 sedu-

68 1957 249 2011 uterentur
284 1968 303 2009 a
327 1947 428 2008 malis.
466 1967 579 2009 uerum
604 1948 679 2028 quia
702 1946 773 2007 filiis
799 1945 957 2008 ecclesiae
981 1945 1242 2027 prudentissimis
1266 1942 1328 2004 hac

99 2055 171 2117 olim
201 2057 271 2117 iam
303 2055 477 2135 prudentia
509 2054 709 2137 pollentibus
741 2055 855 2116 stricta
886 2053 1002 2115 horum
1035 2052 1154 2115 sulficit
1187 2071 1329 2113 comme·

102 2165 254 2238 morati0,
288 2161 458 2223 uideamus
481 2170 624 2224 nuncet
648 2162 690 2223 de
715 2160 884 2223 Gedeonis
908 2158 1075 2223 sacrificio.
1107 2180 1216 2240 neque
1240 2159 1327 2219 enim

108 2281 288 2353 susceptum
321 2269 411 2351 pacis
443 2269 588 2350 legatum
621 2268 781 2331 ullatenus
806 2270 969 2330 dimittere
993 2276 1141 2350 poterat,
1170 2267 1231 2329 nisi
1255 2267 1329 2346 piae

111 2376 294 2455 placationis
327 2376 494 2439 oblatione
519 2375 730 2451 honorasset,
760 2377 857 2438 nobis
881 2376 992 2457 utique
1015 2376 1196 2449 insinuanS,
1229 2394 1328 2455 quam

78 2508 98 2534 20
106 2496 226 2564 paratos
236 2506 300 2549 nos
309 2504 441 2568 semper
457 2486 499 2548 ad
513 2485 755 2568 suscipiendum
767 2484 875 2546 Deum
892 2483 1013 2546 habere
1028 2492 1182 2566 oporteat
1195 2481 1330 2545 hostias:

200 2594 292 2657 Talis
325 2615 406 2674 ergo
438 2593 585 2656 sacrificii
618 2594 686 2656 eius
716 2591 774 2654 fuit
807 2593 942 2655 modus:
973 2591 1115 2654 haedum
1139 2591 1271 2654 coctum
1296 2599 1329 2652 et

112 2701 220 2762 azimos
243 2723 349 2785 panes
375 2702 435 2764 sub
460 2721 616 2783 quercum
641 2699 809 2775 deferens,
831 2701 920 2762 iussu
945 2699 1052 2780 angeli
1077 2719 1176 2781 supra
1199 2707 1327 2780 petram

115 2810 227 2885 posuit,
255 2821 286 2872 et
319 2797 537 2872 ius'carnium
561 2810 703 2890 desuper
727 2808 825 2882 ludit,
856 2809 1006 2888 ignisque
1031 2808 1072 2869 de
1096 2815 1191 2888 petra
1214 2807 1328 2866 exiens

113 2911 222 2978 cuncta
243 2915 321 2979 haec
345 2916 431 2978 illico
456 2917 647 2998 absumpsit.
673 2916 733 2978 sub
758 2916 875 2976 arbore
893 2913 1065 2976 Abraham
1090 2913 1214 2994 angelis
1239 2914 1327 2974 mini-

74 3030 265 3100 ustrauerat,
289 3034 324 3086 et
348 3046 426 3087 ecce
449 3025 567 3087 iterata
590 3024 786 3088 sacramenti
809 3021 914 3103 figura
938 3021 999 3084 sub
1022 3021 1139 3084 arbore
1156 3022 1217 3082 iste
1234 3021 1328 3082 sacri·

101 3127 179 3194 ficat.
203 3141 366 3195 nouerant
390 3133 476 3196 enim
500 3131 706 3215 patriarchae
731 3151 844 3193 uerum
868 3131 1068 3212 quandoque
1085 3127 1278 3191 sacrificium
1294 3129 1327 3188 in

99 3235 182 3318 ligno
208 3240 515 3316 consummandum,
539 3248 573 3301 et
597 3238 728 3311 hostem
753 3239 808 3319 qui
832 3237 955 3300 uicerat
972 3257 1031 3318 per
1047 3236 1170 3316 lignum
1188 3236 1221 3296 in
1237 3233 1327 3314 ligno

98 3349 197 3410 crucis
230 3348 474 3411 reuincendum.
515 3347 658 3410 haedum
690 3367 709 3408 a
740 3345 836 3407 nobis
857 3329 899 3406 'in
930 3343 1089 3408 sacrificio
1119 3362 1193 3405 cum
1218 3342 1328 3404 azimis

97 3453 291 3518 sinceritatis
323 3454 562 3518 immolandum
592 3453 763 3536 apostolus
794 3452 935 3514 insinuat
959 3453 1087 3513 dicens:
1118 3450 1177 3512 hac
1198 3450 1329 3512 scz'entes

65 3563 167 3641 aquia
193 3574 286 3625 aetas
309 3563 402 3625 homa
425 3573 531 3626 auster
551 3559 653 3624 suntal
673 3561 852 3643 crrtrifiaus
874 3569 928 3631 est,
951 3569 988 3621 ut
1009 3559 1196 3621 destruatur
1216 3570 1328 3640 carpus

88 3671 227 3749 pcccati,
259 3679 294 3732 ut
318 3671 405 3733 ultra
429 3692 491 3733 aaa
514 3670 695 3732 seurzamus
711 3676 850 3750 peccata.
882 3687 1001 3748 corpus
1026 3676 1183 3741 nostrum,
1207 3685 1328 3747 corpus

92 3777 224 3858 peccati
250 3785 316 3852 est,
348 3779 424 3859 quia
447 3798 509 3840 nos
534 3777 575 3840 ad
599 3786 773 3859 peccatum
798 3795 858 3857 per
882 3775 1129 3855 suggestionem
1154 3783 1187 3836 et
1211 3793 1326 3836 concu-

93 3886 291 3966 piscentiam
324 3882 492 3966 pertrahit,
533 3884 623 3965 quod
656 3901 776 3965 corpus
806 3901 873 3944 non
904 3882 950 3943 ita
973 3881 1133 3963 praecipit
1156 3879 1327 3963 apostolus

94 3993 229 4068 destrui,
253 3999 289 4052 ut
314 3991 448 4053 omnino
472 3990 611 4065 deficiat,
636 3990 695 4051 sed
720 3998 755 4050 ut
772 4010 791 4050 a
809 3989 937 4070 peccati
953 4008 1054 4070 opere
1070 3990 1225 4069 quiescat.
1250 3997 1327 4049 tunc

64 4103 181 4164 ssenim
216 4099 309 4180 quasi
339 4099 531 4173 destruitur,
563 4108 596 4160 et
628 4097 767 4159 lasciuus
798 4095 851 4157 ille
875 4095 1000 4158 haedus
1024 4095 1109 4157 bene
1132 4095 1327 4169 immolatur,

95 4229 170 4270 cum
195 4226 257 4289 per
280 4206 471 4288 disciplinae
496 4207 642 4286 uigorem
667 4225 687 4266 a
710 4203 935 4285 uoluptatibus
958 4201 1146 4278 refrenatur,
1170 4223 1232 4266 nec
1255 4223 1327 4285 pec·

96 4324 171 4376 cato
198 4315 321 4376 seruire
346 4314 552 4395 permittitur.
576 4313 625 4374 ius
650 4311 739 4393 quod
764 4311 858 4372 simul
883 4311 1027 4386 offertur,
1052 4311 1157 4392 liquor
1175 4311 1326 4373 uidelicet

185 4469 229 4522 .5.
251 4457 310 4522 Jud.
329 4453 353 4518 b,
378 4455 487 4506 tls—18.
508 4483 542 4508 m,
561 4472 585 4520 9.
606 4457 657 4520 Jos.
680 4465 702 4518 5,
726 4467 765 4516 13-
786 4483 822 4492 »-
841 4467 882 4515 31.
904 4455 978 4502 Rom.
999 4450 1024 4520 b,
1045 4450 1070 4502 b.
