3167 5025
635 474 950 543 CAPITVLVM
973 476 1074 542 XVI.

579 625 641 685 De
674 626 858 688 Martha
891 634 935 686 et
967 624 1124 685 Maria.

346 780 555 865 Quamquam
586 784 689 860 uobis
720 782 840 847 fratres.
866 785 1031 860 carissimi,
1060 785 1094 845 in
1124 781 1189 846 hoc
1212 781 1379 865 opusculo
1402 803 1470 863 spe·

240 889 363 953 cialiter
387 892 551 953 deseruire
575 894 813 974 proposuerim,
843 894 1061 955 necessarium
1086 899 1198 955 tamen
1221 889 1301 953 mihi
1326 898 1389 966 est,
1412 910 1469 951 nec
1553 971 1554 980 ἵ

240 998 335 1060 uobis
358 1019 534 1061 onerosum
559 1020 631 1061 esse
655 1000 764 1076 debet,
788 1002 815 1063 si
838 1002 922 1064 inter
944 1000 1055 1075 uerba,
1078 1020 1164 1081 quae
1189 998 1315 1079 gloriae
1341 1006 1494 1060 uestraes
1552 983 1555 1081 l

239 1106 448 1182 administro,
480 1109 633 1189 propriae
657 1129 788 1189 quoque
813 1109 961 1170 miseriae
985 1108 1196 1169 meminerim.
1227 1104 1290 1169 hac
1316 1106 1408 1168 enim
1432 1104 1469 1165 de

239 1233 337 1275 causa
368 1213 553 1276 luctuosum
584 1214 673 1277 illum
704 1216 845 1278 ciuitatis
868 1216 966 1277 Naim
997 1214 1253 1277 commemoraui
1284 1231 1470 1285 occursum,

239 1343 305 1405 quo
329 1324 649 1404 appropinquantem
674 1332 789 1406 portae
814 1344 892 1385 suae
916 1324 1049 1406 excepit
1065 1323 1260 1400 Dominum,
1284 1322 1347 1383 sed
1365 1340 1468 1400 neque

238 1429 409 1493 castellum
432 1429 511 1491 illud
535 1430 664 1492 silentio
687 1432 867 1514 praeterire
889 1432 992 1513 potui,
1016 1451 1059 1492 ex
1084 1449 1150 1511 quo
1173 1428 1290 1491 decem
1312 1429 1345 1490 ei
1362 1447 1467 1491 occur·
1553 1429 1555 1466 ¹

239 1546 350 1601 rerunt
372 1538 502 1620 leprosi.
526 1560 586 1601 uos
610 1548 719 1602 autem
743 1540 930 1601 uenientem
954 1538 1109 1601 dilectum
1133 1559 1200 1601 non
1215 1536 1325 1600 solum
1344 1537 1492 1601 foetore¹0
1553 1617 1555 1630 Ι

239 1647 408 1710 cadaueris
440 1645 516 1708 elati
547 1655 603 1709 aut
633 1646 745 1729 leprae
777 1648 949 1710 sordentis
977 1668 1044 1709 non
1075 1646 1256 1720 offenditis,
1287 1666 1407 1708 uerum
1438 1652 1466 1705 et

239 1754 324 1835 grati
347 1754 459 1815 odoris
483 1756 645 1817 suauitate
668 1755 869 1818 delectatum
892 1754 1072 1830 attrahitiS,
1102 1755 1250 1817 dicentes
1280 1754 1324 1816 de
1356 1752 1466 1836 portis
1553 1791 1555 1846 3

239 1882 299 1943 per
322 1882 403 1941 quas
427 1862 456 1923 ei
480 1862 605 1924 aditum
629 1862 731 1925 datis:
754 1862 992 1943 mandragorae
1007 1861 1162 1924 dederant
1175 1861 1301 1923 odorem
1318 1858 1465 1941 impartis
1553 1907 1555 1912 .

238 1969 364 2040 nostras,
389 1977 421 2031 et
445 1971 524 2031 item
548 1990 622 2032 cum
646 1991 785 2053 sponsa:
816 1971 948 2033 surrexi
969 1980 1005 2032 at
1025 1970 1181 2051 aperirem
1204 1968 1329 2041 dilecta,
1353 1978 1467 2030 manas
1553 2039 1555 2044 Ι

238 2097 326 2139 meae
349 2076 592 2140 dastz'llaaemmt
616 2078 800 2159 myrrham,
831 2088 862 2140 ct
890 2078 990 2159 digiti
1008 2078 1074 2139 mei
1088 2077 1182 2158 pleni
1201 2077 1338 2158 myrrlza
1356 2076 1485 2158 proba-a
1553 2115 1555 2120 -

238 2184 373 2246 tz'ssima.
405 2194 580 2247 attestatur
611 2187 709 2248 etiam
741 2186 813 2268 ipse
843 2185 982 2248 dilectus
1012 2205 1155 2266 sponsae
1187 2205 1264 2247 suae
1289 2183 1465 2267 praeconio

239 2300 272 2353 et
296 2292 391 2353 odori
414 2292 567 2355 mirifico:
598 2293 684 2366 adar,
708 2294 872 2374 inquienS,
896 2294 961 2355 ora'r
984 2293 1035 2354 tm'
1053 2292 1137 2354 sicat
1158 2292 1336 2366 maloram,
1357 2301 1464 2373 guttur

238 2408 327 2461 laram
359 2400 443 2463 sicat
465 2401 576 2462 m'aam
600 2402 761 2482 optimam.
793 2400 850 2463 tali
881 2389 1053 2482 flagrantia
1076 2401 1194 2462 ductus
1217 2400 1361 2463 intrauit
1377 2400 1463 2481 Jesus

238 2506 272 2569 da
296 2506 458 2588 quoddam
482 2507 664 2582 castellam,
695 2520 725 2571 et
747 2508 866 2571 mulier
886 2508 1045 2590 quaedam
1068 2507 1207 2571 Martlza
1235 2508 1364 2571 nomme
1386 2525 1460 2570 exce·

233 2615 286 2696 pit
316 2615 409 2678 illam
442 2617 476 2678 a'a
507 2616 636 2678 damam
667 2639 760 2678 suam
769 2641 780 2691 ,·
811 2628 841 2679 et
871 2617 947 2679 hrtz'c
976 2627 1048 2679 erat
1076 2638 1167 2679 soror
1195 2617 1323 2679 acontiae
1346 2613 1488 2678 lldaa'a.20

238 2721 320 2785 haec
352 2731 402 2785 est
433 2722 487 2786 illa
510 2725 630 2799 Maria,
662 2745 746 2805 quae
778 2726 820 2787 ad
854 2725 990 2786 domum
1014 2721 1178 2806 pharisaei
1201 2744 1276 2786 cum
1301 2723 1461 2788 alabastro
1553 2806 1555 2813 Ι

238 2833 396 2911 unguenti
421 2832 570 2906 ueniens,
594 2833 698 2914 pedes
723 2832 857 2894 Domini
880 2831 1021 2895 lacrimis
1045 2832 1171 2911 rigatos
1194 2852 1233 2893 ac
1257 2830 1460 2894 deosculatos
1553 2882 1555 2913 Ι

238 2948 408 3020 unguento
442 2941 553 3014 unxit,
591 2938 768 3020 humilique
802 2940 988 3003 deuotionis
1021 2959 1099 3000 suae
1133 2938 1293 3019 obsequio
1327 2939 1458 3020 gratiam
1553 2930 1555 3012 l

237 3046 377 3129 hospitis
401 3048 591 3130 praecipere
616 3048 795 3109 contendit.
819 3047 863 3108 ibi
888 3067 969 3126 ergo
992 3047 1025 3107 in
1041 3067 1124 3129 pace
1142 3046 1284 3121 dimissa,
1308 3044 1455 3126 diligebat
1552 3018 1555 3103 l

238 3154 394 3236 deinceps
428 3152 637 3216 reconciliata
670 3155 731 3216 sibi
770 3153 943 3216 saluatoris
981 3155 1136 3233 uestigia,
1175 3154 1317 3234 ideoque
1358 3163 1483 3215 rursus²⁵
1553 3118 1555 3183 l

239 3263 486 3344 opportunitate
511 3271 657 3343 accepta,
681 3261 724 3322 nil
746 3262 916 3324 iucundius
933 3261 1137 3334 aestimabat,
1162 3280 1261 3340 quam
1278 3261 1321 3322 ad
1338 3259 1460 3323 audien·

238 3369 316 3430 dum
341 3369 476 3431 uerbum
501 3370 583 3430 tanti
607 3371 754 3450 magistri
778 3369 919 3451 pedibus
943 3369 1097 3430 assidere.
1126 3378 1158 3430 et
1183 3368 1235 3431 hic
1259 3367 1460 3431 nihilominus

238 3475 355 3538 solitae
379 3477 599 3539 contentionis
624 3476 843 3538 exercebatur
866 3476 984 3550 studia,
1016 3477 1123 3538 sciens
1147 3477 1223 3557 quia
1246 3496 1379 3557 regnam
1402 3489 1459 3533 cac·
1553 3541 1555 3577 Ι

238 3583 342 3646 loram
367 3584 433 3645 aim
451 3584 587 3664 patitur,
611 3595 641 3645 et
662 3584 797 3645 uiolenti
817 3585 972 3665 diripiunt
989 3583 1082 3644 illud.
1106 3584 1189 3645 sicut
1212 3585 1299 3645 enim
1315 3585 1348 3644 in
1365 3582 1459 3643 domo
1553 3579 1555 3583 ’

239 3691 389 3767 Simonis
414 3699 449 3753 ut
473 3693 536 3753 iam
560 3691 685 3753 dictum
710 3699 767 3764 est,
796 3691 936 3771 gratiam
961 3690 1147 3771 praeripere
1171 3688 1336 3752 festinauit
1359 3681 1486 3764 hospi-³⁰
1553 3676 1555 3689 '

237 3799 296 3874 tis,
329 3797 609 3881 multiplicioribus
634 3807 666 3860 et
691 3797 916 3860 deuotioribus
940 3797 1065 3858 intenta
1090 3795 1203 3857 officiis
1211 3817 1218 3874 ;
1254 3798 1300 3859 ita
1323 3805 1355 3858 et
1378 3806 1457 3855 nunc

238 3915 394 3989 suscepto
411 3906 566 3982 Domin0,
590 3904 789 3987 hospitalem
813 3903 1004 3966 famulatum
1028 3903 1178 3965 euincere
1195 3905 1319 3966 studuit
1335 3897 1456 3966 sororis

238 4014 427 4098 pharisaeus
463 4015 641 4076 Dominum
673 4013 838 4087 inuitauit,
870 4013 1055 4074 conuiuium
1093 4010 1259 4087 exhibuit,
1290 4021 1323 4074 et
1353 4020 1456 4072 tamen

239 4125 316 4205 quid
341 4125 373 4185 in
396 4121 461 4184 hoc
484 4120 705 4204 hispitalitatis
722 4119 830 4183 officio
847 4119 1041 4200 neglexerit,
1065 4139 1229 4200 quamque
1245 4114 1456 4200 multipliciter

348 4279 387 4326 14.
408 4265 480 4314 Cant.
502 4276 524 4326 7,
549 4275 587 4324 13.
614 4283 648 4298 ·-
677 4259 714 4310 16.
736 4264 809 4312 Cant.
832 4273 854 4325 5,
877 4273 899 4325 5.
926 4291 960 4297 -—
983 4261 1021 4310 18.
1043 4262 1114 4310 Cant.
1137 4271 1159 4322 7,
1180 4261 1203 4310 8.
1223 4289 1258 4298 ——
1278 4275 1319 4310 20.
1340 4263 1398 4309 Luc.
1420 4264 1452 4307 1οι

240 4355 280 4418 38.
300 4383 335 4391 -
356 4368 397 4420 29.
420 4356 481 4401 Mat.
506 4365 543 4414 11,
569 4365 606 4400 12.
