3167 5025
1318 244 1360 311 27

125 436 247 490 torum
270 428 408 491 uictoria
431 428 584 491 uitiorum
615 427 760 491 deterior
790 426 946 491 succedat
970 427 1062 490 ruina
1089 427 1254 490 uirtutum.
1286 447 1364 491 ecce

126 536 225 601 enim
257 536 298 598 de
330 537 466 617 egregio
500 535 563 598 hoc
587 533 784 597 Israeliticae
816 535 923 615 gentis
936 606 940 622 Α
954 535 1038 597 duce
1069 544 1147 616 post
1177 536 1288 597 omnia
1310 534 1365 597 illa

125 644 294 705 uirtutum
319 645 387 707 eius
410 644 550 725 insignia
573 644 731 725 scriptum
756 651 821 705 est:
846 643 921 724 quia
944 662 1076 705 sumens
1098 644 1227 703 inaures
1249 661 1365 703 aureas

121 751 171 817 de
206 751 335 833 praeda
365 750 509 815 hostium
525 750 610 831 fecit
631 750 707 813 inde
731 749 860 831 Epirod,
892 751 1050 832 etposuit
1070 749 1213 812 illudio
1236 749 1366 811 cenatote

109 880 189 920 ssua
218 858 354 941 Epiro:
378 860 554 940 statimque
578 857 798 938 subiungitur:
815 858 1061 939 fornicatusque
1083 868 1130 919 est
1143 857 1247 919 omnir
1263 856 1368 919 lsrael

131 968 162 1029 in
187 988 235 1038 eo,
261 977 293 1028 et
307 968 437 1047 factum
460 978 507 1029 est
535 966 674 1027 chconi
694 976 725 1027 et
746 966 836 1027 omni
856 965 969 1028 domui
988 967 1057 1027 eius
1079 966 1114 1028 in
1137 965 1275 1027 minam.

242 1074 374 1137 Taedet
398 1095 450 1136 me
474 1074 585 1136 ruinae
608 1074 702 1136 huius
727 1074 890 1135 miseriam
914 1074 1059 1156 pluribus
1075 1086 1280 1155 exaggerare
1297 1092 1364 1135 uer-

128 1184 197 1258 bis,
233 1204 310 1245 cum
335 1182 416 1245 haec
440 1183 556 1245 eadem
582 1181 813 1264 multiplicibus
836 1182 879 1244 ad
902 1183 1194 1245 commonitionem
1217 1189 1364 1244 nostram

126 1299 276 1372 pateant
300 1290 469 1372 exemplis.
494 1290 591 1352 uideo
616 1290 701 1352 enim
726 1288 867 1353 electum
883 1289 972 1353 illum
989 1290 1181 1371 angelorum
1198 1297 1364 1371 suscepto

88 1418 119 1447 '¹0
130 1418 204 1461 rem
240 1397 333 1459 Loth
365 1400 483 1461 uirtute
515 1397 696 1461 admirabili
727 1397 974 1461 Sodomitarum
1004 1419 1176 1481 superasse
1208 1397 1366 1470 incendia,

129 1515 162 1567 et
194 1506 416 1589 postmodum
445 1506 613 1568 ebrietatis
645 1506 724 1567 uitio
748 1505 781 1567 in
805 1505 968 1587 profunda
991 1506 1198 1588 deceptionis
1222 1525 1365 1568 mersum

129 1612 241 1678 iouea.
274 1611 485 1676 Salomonem
510 1613 717 1675 nihilominus
742 1615 921 1695 sapientiae
945 1613 1210 1696 incomparabilis
1235 1634 1366 1694 suscep·
1395 1681 1398 1686 ,

131 1730 245 1783 torem
269 1721 481 1803 obstupesce,
505 1743 604 1803 quem
627 1722 775 1783 luxuriae
800 1723 1053 1804 intemperantia
1074 1722 1245 1785 idolatriae
1269 1723 1366 1783 tradi·

131 1830 179 1890 dit
204 1830 352 1891 baratro
384 1849 450 1891 non
475 1831 562 1892 enim
587 1831 723 1912 prodest
748 1850 810 1893 nos
834 1829 927 1892 laetis
951 1829 1098 1892 floruisse
1122 1831 1306 1912 principiiS,
1338 1830 1365 1891 si

102 1938 266 2018 upeccati
291 1936 441 1999 ariditate
465 1937 654 2000 deficiamus
679 1939 711 1999 in
735 1939 928 2001 nouissimis.
961 1946 995 1999 tu
1020 1958 1102 2017 ergo
1126 1938 1284 2011 Domine,
1308 1937 1365 2019 qqi

134 2043 224 2108 solus
250 2064 287 2105 es
311 2044 425 2119 bonus
457 2046 512 2127 qui
536 2046 679 2125 gratuita
701 2065 763 2107 nos
786 2046 935 2107 bonitate
959 2046 1172 2126 praeuenisti,
1203 2054 1237 2106 et
1260 2064 1364 2125 usque
1436 2108 1438 2114 ,

138 2152 168 2213 in
188 2152 278 2215 hanc
302 2152 417 2215 horam
442 2154 494 2234 pie
519 2152 751 2233 subsequendo
775 2153 951 2227 deduxisti,
976 2172 1103 2214 memor
1120 2160 1193 2214 esto
1211 2152 1301 2216 uerbi
1317 2152 1365 2213 tui

143 2261 238 2323 seruis
264 2260 337 2333 tuis
361 2260 392 2321 in
417 2280 483 2340 quo
507 2259 603 2322 nobis
627 2280 721 2342 spem
745 2260 866 2322 dedisti
882 2260 1009 2322 dicens:
1033 2282 1095 2321 non
1115 2282 1171 2321 uos
1185 2259 1365 2340 relinquam

143 2367 304 2449 orphanos
329 2368 458 2429 ueniam
482 2366 531 2429 od
550 2389 614 2430 nos.
638 2389 703 2429 ecce
727 2366 866 2435 Domine
887 2378 922 2429 to
945 2368 1123 2448 cognouzsti
1138 2368 1246 2429 omnia
1262 2367 1364 2429 rioms·

112 2474 219 2537 asima
251 2485 284 2537 et
312 2475 463 2557 ornique,
494 2484 530 2538 tu
562 2476 747 2556 cognouisti
777 2474 971 2556 figmentum
994 2484 1158 2538 nostrum:
1190 2476 1364 2539 recordare

144 2584 214 2662 quia
243 2583 351 2666 puluis
384 2603 514 2658 sumus,
545 2593 578 2644 et
609 2603 650 2646 ne
682 2585 824 2646 irruente
847 2584 1074 2665 temptationis
1099 2593 1198 2646 uento
1222 2586 1307 2666 rapti
1331 2594 1364 2646 et

147 2689 285 2773 dissipati
310 2711 385 2758 cum
402 2692 508 2774 impiis
525 2712 544 2754 a
558 2691 639 2754 lacie
655 2700 761 2753 terrae
779 2693 983 2773 proiciamur,
1007 2711 1105 2753 manu
1122 2691 1364 2754 misericordiae

150 2803 217 2858 tuae
238 2808 398 2882 perpetuo
423 2798 674 2862 consolidemur.

564 3029 876 3094 CAPITVLVM
897 3032 937 3094 X.

641 3178 694 3238 De
719 3179 858 3238 Manue.

241 3335 327 3397 Erat
349 3335 404 3397 nir
425 3333 558 3417 qro'dam
583 3335 621 3398 dc
639 3336 748 3399 Soron
772 3348 803 3400 et
823 3331 982 3418 de'stirpe
997 3336 1076 3398 Dan
1092 3335 1217 3398 nostine
1232 3337 1362 3408 Morene,

133 3440 255 3504 liabens
278 3463 410 3506 uxorem
433 3443 580 3506 stm'lem.
605 3445 659 3506 cni
680 3446 842 3526 apparatis,
865 3445 1000 3525 angelus
1016 3444 1152 3506 Domini
1171 3455 1202 3506 et
1215 3445 1304 3506 diuo
1317 3444 1364 3506 ei:

131 3549 254 3613 sterilis
283 3571 315 3612 es
342 3561 372 3612 et
394 3550 510 3632 absque
533 3551 656 3624 oleris,
688 3553 747 3615 scd
767 3553 922 3634 concipies
945 3563 975 3615 rt
991 3553 1103 3634 ponis
1117 3552 1240 3635 filium.
1272 3552 1362 3614 locus

99 3680 122 3714 30
132 3657 269 3742 capituli
299 3657 393 3720 huius
421 3659 616 3740 aliquotiens
641 3680 693 3722 me
717 3661 759 3723 ad
784 3661 1081 3723 considerationem
1105 3661 1258 3742 propriae
1280 3658 1363 3721 infir·

131 3767 256 3828 mitatis
281 3768 453 3847 permonit,
481 3769 558 3848 quia
581 3768 623 3830 ad
648 3771 891 3851 correptionem
914 3768 1128 3831 barbatorum
1152 3777 1184 3829 et
1207 3765 1362 3828 debilium

132 3871 277 3955 speciale
309 3873 478 3954 quoddam
511 3873 696 3936 infirmioris
735 3897 836 3937 sexus
867 3876 1079 3957 praeconium
1110 3874 1264 3936 ostendit.
1295 3894 1362 3934 non

131 3981 220 4042 enim
245 3980 306 4054 uir,
331 4000 530 4062 quamquam
556 3991 655 4063 caput
679 3983 720 4042 sit
744 3982 902 4057 mulieris,
934 3983 1024 4065 prior
1047 3981 1099 4044 hic
1123 3983 1251 4044 diuinae
1276 4002 1362 4042 reue·

132 4087 264 4150 lationis
291 4109 445 4152 arcanum
470 4091 612 4172 suscipit,
636 4090 694 4152 sed
719 4090 844 4152 mulieri
868 4091 1135 4153 commendatum
1158 4091 1205 4151 ita
1228 4089 1362 4150 demum

101 4215 123 4251 ns
133 4195 188 4256 illa
205 4195 370 4258 indicante
387 4197 575 4276 cognoscit:
600 4195 680 4259 Sara
697 4197 830 4277 quidem
846 4198 931 4259 intra
947 4195 1193 4260 tabernaculum
1209 4203 1362 4258 manente

146 4337 149 4344 ’
242 4335 266 4384 b.
296 4339 369 4388 Conf.
393 4340 450 4404 Jurl.
477 4339 500 4400 8,
528 4351 569 4399 22,
596 4357 650 4404 sqq,
679 4367 714 4374 -
745 4352 783 4404 19.
810 4341 846 4388 lo.
876 4353 914 4401 14,
944 4339 982 4388 18.
1011 4369 1046 4376 »-
1074 4353 1115 4389 20.
1142 4341 1181 4388 Ps.
1205 4339 1260 4400 138,
1284 4350 1307 4402 5.
1327 4368 1362 4375 —-

137 4426 176 4478 28,
196 4427 255 4492 Jud.
279 4439 317 4488 13,
339 4441 361 4476 2.
383 4445 419 4493 sq.
