3167 5025
266 222 306 287 32.

265 414 298 467 et
324 404 486 487 profluere
510 425 576 467 non
600 414 731 489 cessant
754 404 930 468 beneficiat
954 408 1026 486 quis
1049 416 1125 468 tuae
1149 406 1335 467 sanctitatis
1352 414 1490 467 contem-

264 516 346 597 plari
378 514 486 577 ualeat
518 512 762 587 celsitudinem,
798 515 870 594 quis
905 515 1061 576 uirtutum
1094 533 1233 595 pensare
1265 514 1490 593 quantitatem,

264 622 381 703 quibus
405 622 477 703 ipsa
493 621 555 683 Dei
579 622 681 703 patris
705 622 867 703 sapientia
890 622 997 684 aulam
1020 623 1053 683 in
1075 631 1109 683 te
1133 622 1296 683 adornare
1317 620 1423 687 uoluit
1438 624 1491 682 uir·

263 730 423 811 ginalem,
453 737 488 790 ut
520 730 549 790 ei
580 730 714 809 dignam
746 737 915 809 praestare
943 750 1061 811 posses
1093 727 1356 791 habitationem?
1396 730 1491 811 ipsius

263 836 473 900 solummodo
498 845 548 899 est
571 838 670 910 scire,
698 838 750 899 cui
774 838 920 899 omnium
944 845 1060 919 patent
1083 838 1323 911 conscientiae,
1349 858 1417 917 qua
1438 840 1517 899 uir-5

262 955 369 1008 tutum
402 946 515 1026 gloria,
545 955 668 1026 quanta
692 947 794 1028 ipsius
818 946 943 1027 gratiae
973 944 1147 1019 affluentia,
1171 945 1214 1007 ad
1238 946 1323 1007 tanti
1347 946 1490 1007 culminis

263 1074 372 1116 arcem
404 1053 500 1115 fueris
532 1061 706 1135 prouecta,
740 1063 899 1134 quantum
922 1053 1013 1114 Abel
1042 1073 1257 1134 supergressa
1280 1054 1327 1114 sis
1351 1053 1386 1113 in
1410 1054 1490 1114 inno
1554 1126 1556 1129 y

263 1162 385 1234 centia,
417 1160 535 1223 Enoch
565 1162 598 1223 in
630 1162 767 1223 actionis
799 1163 973 1235 munditia,
1006 1160 1178 1223 Abraham
1210 1162 1242 1222 in
1272 1161 1489 1232 oboedientia,

263 1270 406 1349 Moysen
436 1270 468 1331 in
501 1270 766 1343 mansuetudine,
798 1270 861 1349 Job
893 1271 926 1330 in
964 1270 1083 1331 uirtute
1115 1269 1309 1350 patientiae,
1347 1267 1488 1350 aliosque

263 1369 451 1439 sanctorum
474 1378 506 1437 in
523 1376 587 1438 fide
604 1398 663 1458 spe
681 1378 827 1451 caritate,
844 1398 882 1439 ac
899 1378 1050 1439 uniuersa
1066 1376 1228 1438 bonorum
1244 1378 1487 1439 exercitatione.
1496 1399 1510 1432 u
1554 1373 1556 1428 !

262 1486 304 1546 de
329 1484 510 1546 humilitate
535 1504 623 1567 uero¹
638 1484 716 1565 quid
741 1485 865 1558 dicam,
898 1505 997 1565 quam
1021 1484 1127 1546 solam
1150 1505 1229 1565 prae
1254 1485 1376 1546 ceteris
1400 1485 1486 1546 bonis
1554 1532 1556 1538 .

263 1592 304 1653 ab
329 1593 402 1673 ipso
427 1591 573 1653 cordium
597 1598 780 1653 scrutatore
804 1593 836 1653 in
853 1601 885 1652 te
902 1591 1067 1653 confiteris
1083 1590 1289 1673 respectam?
1314 1614 1404 1666 uere,
1420 1593 1486 1672 quia
1554 1571 1556 1580 Ι

263 1708 429 1781 sceptrum
446 1706 640 1779 susceptura
656 1716 728 1759 eras
746 1700 839 1778 regni
855 1697 1029 1772 caelorum,
1045 1697 1224 1760 humillima
1236 1698 1325 1760 fuisti
1338 1699 1485 1770 omnium,

262 1816 297 1867 ut
321 1806 510 1887 impleretur
533 1808 565 1867 in
590 1816 631 1879 te,
656 1808 745 1887 quod
769 1808 869 1867 etiam
886 1807 928 1867 de
945 1827 1049 1887 regno
1065 1805 1239 1887 temporali
1255 1808 1484 1888 scriptumest,
1554 1796 1556 1810 ⁵

262 1917 339 1996 quia
358 1914 585 1977 humillimum
617 1914 783 1976 hominem
809 1916 987 1976 constituet
1012 1914 1103 1976 Deus
1133 1935 1232 1995 super
1254 1915 1344 1977 illud.
1382 1914 1504 1977 obtineo
1554 1900 1556 1910 ’

261 2024 359 2103 igitur
383 2032 488 2085 mater
511 2031 543 2083 et
567 2023 660 2103 uirgo
684 2022 874 2083 beatissima
897 2022 985 2103 apud
1009 2023 1124 2103 ipsum,
1149 2042 1169 2082 a
1192 2042 1258 2102 quo
1280 2031 1360 2083 ante
1377 2022 1481 2084 consti

206 2112 208 2119 ,
261 2132 422 2193 tutionem
458 2131 571 2192 mundi
606 2151 641 2191 es
677 2128 872 2211 praeelecta,
907 2137 942 2190 ut
974 2137 1007 2190 et
1039 2130 1135 2191 nobis
1166 2129 1274 2209 aliqua
1305 2128 1477 2191 huiusmod'

262 2240 452 2300 meritorum
484 2238 593 2319 largiri
624 2239 777 2318 dignetur
808 2214 1030 2311 incrementa,
1060 2238 1177 2318 quibus
1206 2246 1362 2299 omatum
1394 2234 1481 2298 etad

261 2347 361 2427 ipsius
378 2347 622 2428 susceptionem
640 2345 845 2427 aliquatenus
861 2353 1093 2428 praeparatum
1109 2345 1252 2409 inueniat
1265 2346 1378 2408 cordis
1389 2343 1480 2407 nostri

261 2452 491 2518 habitaculum.
1487 2482 1506 2507 20

663 2613 979 2678 CAPITVLVM
1010 2614 1089 2677 XII.

751 2743 804 2802 De
829 2742 1003 2802 Simeone.

367 2885 645 2966 Contemplemur,
676 2884 792 2947 fratres
822 2885 987 2966 carissimi,
1019 2885 1178 2964 uirginem
1203 2885 1383 2965 uirginum,
1405 2898 1478 2963 quae

261 2993 389 3056 fidelem
421 2994 516 3055 nobis
548 2995 580 3054 in
612 2993 764 3055 omnibus
796 2993 933 3075 praebet
965 2994 1137 3065 ducatum,
1172 3013 1239 3072 quo
1271 3013 1291 3053 a
1321 2988 1477 3055 consortio

261 3122 469 3164 secernamur
492 3101 654 3163 fatuarum
679 3103 849 3182 uirginum.
881 3121 958 3162 nam
983 3110 1161 3183 postquam
1185 3100 1365 3162 Dominum
1389 3097 1476 3159 dese
1554 3114 1555 3173 ᾗ

260 3209 373 3287 genuit
390 3209 602 3283 incarnatum,
626 3210 722 3283 idern,
743 3230 809 3288 quo
826 3217 964 3270 eatenus
980 3208 1134 3270 floruerat
1150 3216 1283 3269 sanctae
1299 3201 1478 3298 humilitatis
1485 3244 1500 3279 ,3
1554 3292 1555 3295 Ἴ

260 3317 481 3397 propositum,
514 3317 612 3377 etiam
637 3326 713 3398 post
738 3325 927 3398 susceptam
951 3315 1038 3378 illam
1062 3315 1306 3378 inaestimabilis
1330 3307 1479 3397 priuilegii
1554 3336 1556 3408 γ

260 3422 399 3502 gloriam
430 3443 561 3485 seruare
596 3424 720 3484 studuit
749 3423 917 3485 illibatum.
948 3444 1131 3504 quaecum
1155 3422 1220 3503 legi
1243 3421 1321 3484 nihil
1345 3421 1479 3484 deberet,

261 3551 301 3591 eo
332 3531 421 3610 quod
446 3552 545 3612 supra
569 3531 676 3612 legem
701 3541 805 3605 esset,
835 3531 950 3612 legalis
973 3541 1085 3592 tamen
1108 3531 1243 3592 remedii
1266 3531 1401 3592 decreta
1422 3541 1481 3585 non

261 3636 321 3699 sibi
345 3637 404 3699 sed
429 3637 498 3699 aliis
515 3647 640 3700 statuta
656 3648 775 3721 sponte
793 3639 900 3713 subiit,
924 3659 998 3700 cum
1016 3639 1269 3719 quadragesima
1284 3629 1479 3720 purgationis

261 3765 338 3806 suae
363 3745 424 3817 die,
449 3766 533 3825 quae
558 3748 755 3828 purgatione
778 3767 846 3808 non
870 3747 1000 3827 egebat,
1024 3747 1067 3808 ad
1091 3745 1251 3826 templum
1274 3764 1351 3807 cum
1373 3736 1478 3804 hostiis
1486 3777 1505 3814 ³0

260 3873 321 3933 pro
345 3874 449 3934 puero
474 3853 649 3915 offerendis
673 3855 770 3916 uenit.
795 3853 850 3914 ubi
867 3854 1006 3933 qualiter
1020 3853 1108 3918 idem
1124 3873 1206 3932 puer
1220 3852 1381 3914 Dominus
1392 3848 1477 3928 Jesus

261 3979 280 4020 a
312 3969 428 4022 sancto
459 3959 613 4022 Simeone
645 3960 739 4022 fuerit
774 3967 964 4041 susceptus,
999 3957 1203 4039 euangelista
1238 3959 1390 4021 declarat
1430 3947 1477 4030 qui

261 4087 336 4128 cum
366 4068 522 4129 iustitiam
554 4069 636 4128 tanti
668 4069 870 4148 susceptoris
901 4065 1073 4128 sufficienti
1104 4067 1294 4128 testimonio
1325 4075 1476 4128 commen·

261 4175 389 4247 dasset,
421 4182 456 4234 ut
489 4175 625 4254 dignum
658 4193 732 4234 eum
762 4175 819 4235 tali
850 4174 1059 4264 susceptione
1090 4173 1348 4247 demonstraret,
1380 4162 1475 4230 subdi·

262 4283 326 4343 dit:
357 4291 388 4342 et
417 4302 487 4342 curn
520 4281 704 4341 inducerent
718 4293 856 4360 prtemmz
882 4281 995 4354 Jesum
1012 4291 1163 4363 parentes
1185 4282 1268 4353 etius,
1292 4292 1328 4343 ut
1340 4275 1502 4361 facerent„

372 4433 410 4488 15,
432 4421 505 4473 Conl.
526 4422 591 4468 Dan.
613 4435 636 4484 4,
661 4434 699 4482 14.
