3167 5025
1200 297 1204 302 ·
1260 221 1315 272 111

84 415 188 469 tanto
213 408 318 469 maior
340 409 481 468 iustitiae
505 406 627 469 fructus
651 409 729 489 ipsis
754 407 919 469 accrescit.
952 416 985 470 et
1008 399 1090 468 haec
1122 405 1253 486 quidem
1278 405 1319 466 de

84 515 261 576 imitandis
284 515 371 576 uitae
387 535 501 576 eorum
521 514 683 596 exemplis
699 515 788 576 dicta
804 515 883 589 sint;
908 514 980 594 quis
994 533 1074 575 vero
1091 511 1319 576 miraculorum

84 622 236 702 gratiam
270 606 429 684 retexere
457 620 581 695 ualeat,
616 642 681 702 qua
716 621 807 683 Deus
843 619 996 682 mirabilis
1031 620 1063 682 in
1098 622 1219 684 sanctis
1254 621 1320 682 suis

85 738 233 792 matrem
266 730 362 791 istam
393 749 468 792 cum
495 728 567 790 filiis
591 727 772 810 glorificat?
804 747 942 810 quorum
966 728 1088 791 meritis
1112 727 1190 790 dum
1214 729 1320 791 caecis

64 837 190 909 suisuS,
222 837 329 899 surdis
353 836 491 910 auditus,
515 836 639 900 claudis
663 857 795 917 gressus
819 837 967 900 redditur
990 856 1046 897 seu
1070 835 1235 916 quaelibet
1259 835 1321 898 alia

92 964 272 1025 corporum
289 943 457 1007 infirmitas
474 953 613 1020 curatur,
629 967 674 1007 ex
690 944 919 1008 miraculorum
936 945 1123 1008 ostensione
1140 945 1319 1008 animarum

89 1050 302 1114 incolumitas
325 1050 401 1114 fidei
423 1053 495 1134 spei
518 1060 552 1114 et
574 1053 719 1116 caritatis
744 1061 924 1134 augmento
944 1052 1125 1115 roboratur.
1150 1071 1224 1114 cum
1241 1071 1319 1112 uero

87 1161 155 1222 iam
189 1159 290 1240 longe
320 1159 452 1240 lateque
483 1158 630 1222 felicibus
661 1161 787 1242 gratiae
819 1159 914 1223 huius
942 1160 1176 1242 experimentis
1201 1157 1319 1221 Christi

87 1267 235 1329 laetetur
265 1265 419 1340 ecclesia,
451 1265 585 1348 speciali
616 1276 726 1330 tamen
756 1268 904 1349 quodam
929 1287 1062 1330 munere
1086 1287 1159 1328 sese
1183 1267 1320 1329 ditatam

50 1383 122 1436 met
147 1374 345 1437 illustratam
369 1373 526 1455 gloriatur
546 1374 700 1438 Saxonia.
725 1395 810 1457 quae
834 1395 909 1438 cum
932 1375 965 1438 in
988 1376 1168 1457 primordio
1192 1394 1320 1454 suscep·

86 1492 145 1544 tae
170 1502 279 1564 nuper
301 1481 378 1545 fidei
400 1484 542 1545 necdum
566 1484 682 1566 prioris
714 1484 920 1566 ignorantiae
944 1484 1098 1546 tenebras
1122 1483 1163 1546 ad
1187 1481 1320 1564 plenum

86 1591 310 1664 deseruisset,
344 1591 445 1653 immo
478 1592 571 1671 quasi
603 1611 721 1653 aurora
753 1591 786 1654 in
818 1600 892 1653 ortu
924 1610 986 1658 suo
1019 1591 1180 1670 quasdam
1213 1589 1320 1652 adhuc

86 1706 281 1760 transactae
304 1699 411 1760 noctis
435 1696 588 1778 reliquias
611 1717 723 1760 secum
747 1696 906 1773 traheret,
935 1697 1107 1760 ordinante
1130 1696 1185 1758 illo
1210 1698 1320 1778 magni

86 1804 220 1868 consilii
252 1805 371 1886 angelo
402 1806 599 1888 dispositum
629 1816 696 1880 est,
729 1816 764 1868 ut
793 1826 854 1889 pro
879 1805 1075 1887 expetendis
1099 1825 1118 1866 a
1142 1805 1220 1866 sede
1245 1824 1320 1886 apo-

51 1913 210 1982 15stolica
242 1920 430 1974 sanctorum
461 1912 604 1994 reliquiis
635 1912 740 1975 fidelis
771 1913 895 1994 legatio
927 1913 1128 1993 dirigeretur.
1160 1911 1249 1992 quod
1281 1931 1320 1972 ea

88 2024 221 2084 ratione
246 2021 415 2100 prouisum
438 2028 497 2094 est,
521 2029 557 2082 ut
580 2022 607 2082 si
630 2021 686 2100 qui
709 2021 879 2082 doctrinae
903 2040 1016 2083 sacrae
1040 2019 1149 2080 uerbis
1168 2037 1236 2080 non
1252 2039 1319 2080 eor·

92 2132 286 2210 rigarentur,
315 2126 470 2191 exhibitis
493 2149 552 2210 per
575 2129 795 2210 praesentiam
828 2136 1013 2190 sanctarum
1045 2127 1252 2208 reliquiarum
1284 2126 1320 2188 si·

97 2239 164 2317 gnis
200 2243 479 2298 conuerterentur.
519 2256 658 2317 cumque
681 2237 761 2299 satis
788 2244 956 2318 gratanter
990 2235 1189 2316 legationem
1223 2234 1319 2295 istam

96 2342 245 2425 pontifex
269 2343 440 2406 Romanus
464 2345 660 2426 accepisset,
683 2344 740 2426 pio
763 2342 907 2406 fidelium
931 2343 1095 2406 desiderio
1119 2341 1321 2416 satisfaciens

60 2482 83 2508 20
93 2472 214 2535 corpus
238 2450 327 2514 beati
351 2460 383 2513 et
408 2472 484 2514 uere
508 2453 618 2534 magni
642 2451 827 2515 Alexandri
852 2453 1021 2533 martyris,
1046 2452 1139 2513 unius
1163 2471 1207 2513 ex
1230 2469 1319 2533 prae-

93 2558 187 2621 claris
211 2553 533 2623 beatae'Felicitatis
557 2560 637 2635 filiis,
666 2562 707 2623 ad
731 2556 951 2623 reborandam
975 2559 1124 2623 nouellae
1149 2558 1247 2622 fidem
1271 2578 1319 2621 cc·

97 2666 211 2729 clesiae
236 2668 423 2728 transmisit.

199 2774 342 2835 Proinde
374 2775 456 2836 sicut
480 2776 593 2836 matris
624 2774 720 2837 huius
746 2776 893 2858 pretioso
926 2778 1085 2856 sanguine
1110 2776 1218 2838 Roma
1249 2774 1320 2837 insi·

101 2879 220 2958 gruter,
251 2881 296 2942 ita
320 2881 452 2962 speciali
477 2882 545 2943 eius
569 2882 753 2945 uisitatione
777 2880 949 2945 Saxonum
973 2891 1060 2944 terra
1082 2881 1267 2945 illustratur.
1299 2901 1319 2943 o

62 3016 86 3051 25
96 2998 219 3069 quanta
249 2989 357 3069 gentis
384 2988 467 3050 illius
491 2987 549 3051 suit
572 2989 733 3053 exultatio
756 2989 827 3051 laus
851 2998 884 3051 et
908 2991 1086 3071 gratiarum
1112 2990 1215 3064 acti0,
1246 3008 1320 3051 cum

91 3097 209 3158 datum
232 3097 294 3158 sibi
318 3117 337 3157 a
361 3096 435 3159 Deo
459 3106 634 3178 patronum
665 3098 820 3179 excipere
852 3098 1023 3159 meruisset
1054 3118 1191 3161 occursu
1223 3098 1320 3159 deuo-

90 3206 239 3267 tissimol
270 3205 342 3284 quis
366 3204 409 3265 ibi
433 3223 453 3265 a
476 3204 615 3267 lacrimis
639 3225 713 3266 sese
737 3202 890 3267 cohibere
915 3206 1039 3286 potuit,
1072 3226 1153 3286 quas
1178 3204 1319 3266 laetitiae

91 3312 289 3393 magnitudo
312 3310 472 3393 profudit,
501 3312 693 3393 praesertim
719 3332 793 3374 cum
817 3312 905 3374 beati
929 3313 1083 3391 martyris
1107 3321 1206 3395 caput
1230 3333 1320 3375 sanc·

91 3420 255 3481 tissimum
280 3420 447 3499 quondam
471 3420 503 3480 in
528 3418 732 3481 consessione
757 3417 876 3481 Christi
901 3428 1106 3501 amputatum
1131 3428 1163 3481 et
1187 3420 1319 3501 indigne

57 3563 80 3598 30
91 3528 272 3600 abiectum,
297 3547 383 3589 nunc
406 3525 511 3608 palliis
534 3526 713 3589 honorifice
736 3527 933 3601 inuolutum,
957 3528 1108 3589 omnibus
1131 3527 1206 3591 huic
1230 3549 1320 3609 spec·

92 3632 204 3697 taculo
228 3632 367 3696 fideliter
390 3634 636 3698 occurrentibus
660 3633 868 3697 salutandum
894 3656 932 3697 ac
953 3634 1210 3697 deosculandum
1228 3636 1319 3697 offer-

93 3740 203 3804 retur?
234 3744 374 3823 denique
406 3742 653 3805 coruscantibus
685 3742 846 3804 miraculis
878 3744 1008 3805 residua
1036 3742 1234 3806 infidelitatis
1259 3743 1319 3805 dis·

93 3852 220 3931 sipatur
242 3850 377 3923 nebula,
411 3859 444 3911 et
468 3849 722 3930 suffragantibus
746 3852 876 3931 patroni
900 3851 949 3912 sui
973 3852 1095 3913 meritis
1120 3852 1318 3913 ualidissimo

94 3957 260 4037 religionis
291 3958 466 4019 munimine
497 3957 642 4019 firmatur
665 3957 811 4019 ecclesia.
845 3959 923 4038 quid
954 3959 1052 4037 igitur
1080 3958 1317 4021 aestimandum

55 4097 82 4135 35
94 4067 136 4127 de
160 4073 265 4125 matre
289 4066 410 4127 totiens
434 4086 541 4146 passa,
565 4086 639 4127 cum
663 4074 790 4127 tantum
815 4064 951 4136 ualuerit
969 4066 1051 4129 filius
1067 4066 1167 4129 semel
1183 4064 1318 4147 passus?

94 4180 150 4235 aut
173 4173 252 4253 quid
276 4173 318 4234 de
342 4172 574 4253 coaequalibus
597 4174 698 4254 ipsius
721 4172 852 4253 reliquis
876 4172 1041 4248 fratribus
1074 4194 1148 4236 cum
1172 4182 1239 4235 tam
1264 4194 1318 4235 ex·

94 4280 250 4343 cellenter
282 4279 437 4341 effulserit
467 4279 570 4342 unus?
604 4282 675 4361 quis
706 4281 748 4343 de
771 4280 906 4361 singulis
931 4302 1014 4362 quae
1038 4300 1097 4343 sua
1120 4290 1195 4343 sunt
1219 4282 1318 4362 digne

94 4385 256 4474 proferat,
291 4407 365 4452 cum
400 4396 433 4452 et
469 4389 561 4452 unius
597 4389 747 4453 meritum
782 4389 904 4474 ingenii
939 4389 1092 4455 uirtutem
1124 4397 1157 4452 et
1188 4388 1317 4476 linguae
