3167 5025
1296 222 1333 299 37

96 413 348 500 compassionis
395 410 571 481 lamentum
611 410 790 479 clementer
829 411 1004 499 impendit,
1050 417 1149 479 etiam
1196 417 1336 480 iustitiae

96 526 347 591 districtionem
363 546 425 607 pro
442 527 511 587 eius
535 526 738 588 correctione
761 534 916 607 potenter
931 525 1087 587 exercuit
1111 524 1220 587 locum
1240 525 1337 595 enim,

94 654 171 715 quo
197 634 301 715 digne
328 634 450 715 suscipi
473 633 649 707 debuerat,
680 632 832 714 tcmplum
857 632 1008 697 uidelicet
1031 633 1209 713 ingressus,
1238 632 1339 713 coepit

94 743 202 805 et'ccre
218 741 389 805 uendentes
411 741 446 803 in
469 739 527 801 illo
549 750 741 812 clementes,
765 740 875 803 dr'cens
896 739 984 803 illis:
1006 741 1158 821 smptum
1174 751 1237 803 est:
1259 740 1337 822 qaia

71 849 220 915 sdomus
245 870 316 912 mea
333 848 447 911 domus
469 848 626 911 orationis
648 858 701 911 est.
725 869 782 912 uos
798 858 903 911 aretem
920 848 1050 928 fecistis
1064 870 1134 911 eam
1154 848 1337 930 speluncam

98 958 279 1021 latronum.
319 978 397 1021 ecce
436 958 577 1021 iustitiae
617 956 796 1039 disciplina
843 957 990 1037 sequitur
1028 956 1125 1029 tertia
1162 956 1338 1019 curationis

97 1066 250 1147 species:
274 1075 305 1127 et
326 1075 397 1128 erat
418 1064 531 1127 docens
546 1064 672 1127 cottz'dic
687 1064 722 1126 z'u
738 1064 861 1147 templa
886 1085 965 1129 ecce
985 1065 1074 1146 quod
1091 1065 1137 1127 ait
1152 1063 1337 1147 psalmista:

98 1172 330 1236 mt'sen'cordtiz
361 1182 392 1235 et
421 1173 541 1235 ueritas
565 1172 758 1255 praecedent
779 1170 905 1253 faciem
928 1183 1026 1235 tuam.
1057 1180 1282 1255 praecesserat
1305 1172 1338 1233 in

100 1280 249 1344 lacrimis
273 1302 358 1365 opus
382 1282 639 1356 misericordiae,
670 1280 845 1343 subiuncta
876 1289 927 1342 est
950 1281 1108 1343 seueritas
1130 1278 1337 1362 disciplinae;

73 1390 140 1451 ¹0ad
177 1390 502 1453 consummationem
535 1409 615 1451 uero
651 1386 801 1451 caelestis
837 1388 1016 1470 magisterii
1051 1388 1198 1469 sequitur
1233 1387 1339 1469 gratia

99 1498 288 1560 doctrinae.
320 1506 353 1561 et
385 1506 420 1561 ut
444 1495 634 1578 exemplum
666 1496 864 1579 praebeatur
894 1497 1174 1577 perseuerantiae,
1208 1495 1339 1557 additur

97 1604 241 1667 cottidie.
271 1605 330 1667 sed
354 1624 428 1667 cum
452 1604 563 1667 omnia
586 1603 668 1667 haee
692 1604 837 1667 saluator
860 1603 1039 1666 clementer
1062 1613 1161 1685 atque
1185 1611 1339 1685 potenter

99 1714 191 1775 circa
228 1713 379 1793 ingratos
413 1711 594 1794 peregerit,
630 1710 800 1773 uideamus
835 1731 876 1773 an
913 1730 933 1772 a
962 1730 1131 1791 quoquam
1165 1719 1339 1792 susceptus

99 1820 218 1895 luerit,
260 1840 302 1883 an
341 1821 467 1902 uspiam
507 1819 538 1881 in
570 1826 662 1881 tanta
693 1819 825 1881 ciuitate
855 1817 986 1882 debitae
1021 1819 1199 1881 mansionis
1230 1818 1338 1888 locum

67 1928 279 1994 isinuenerit.

213 2034 374 2116 Indignos
398 2052 456 2097 eos
480 2034 562 2096 tanti
586 2032 725 2116 hospitis
750 2032 959 2116 susceptione
983 2030 1172 2102 Matthaeus
1196 2050 1336 2113 euange-

104 2143 177 2205 lista
194 2150 353 2225 patenter
369 2142 522 2218 ostendit,
547 2142 602 2224 qui
625 2148 868 2222 consequenter
883 2141 1066 2222 adiungens
1090 2141 1151 2203 ait:
1174 2150 1205 2202 ct
1218 2138 1339 2202 relictas

53 2240 56 2245 ¹
111 2250 189 2321 illis,
222 2248 308 2312 abzi't
321 2252 421 2330 soros
442 2260 536 2313 extra
559 2249 722 2311 circz'tatem
746 2248 780 2311 in
804 2248 1008 2320 Bethaniam,
1031 2248 1135 2329 ibique
1156 2248 1286 2310 mansit.
1316 2268 1338 2309 o

113 2370 205 2437 quam
223 2356 405 2420 manifestis
420 2367 513 2440 patet
530 2357 700 2440 exemplis,
725 2357 816 2438 quod
838 2355 1029 2439 apostolicis
1045 2357 1199 2419 astruitur
1215 2355 1337 2419 uerbis:

79 2494 103 2520 20
112 2458 183 2546 quia
215 2463 372 2547 rguzobilziz
403 2475 434 2528 c!
455 2462 710 2547 contemptabilia
734 2464 832 2528 leuius
854 2465 970 2529 nitendi
990 2462 1085 2547 elegit
1106 2464 1211 2538 Deus,
1241 2474 1272 2528 ct
1299 2486 1337 2528 ca

112 2593 189 2652 quae
211 2595 274 2636 uon
297 2583 389 2646 satiet,
421 2583 457 2636 ut
477 2592 515 2636 ea
538 2593 619 2655 quae
641 2584 724 2644 sunt,
737 2573 917 2636 destrueret.
948 2573 1183 2654 Hierosolyma
1206 2573 1338 2636 ciuitate

116 2681 202 2760 regia
223 2688 432 2763 contempta,
456 2681 530 2743 uico
554 2698 658 2762 paruo
682 2689 873 2756 contentuS,
904 2653 1090 2763 hospitatur
1112 2681 1146 2742 in
1168 2679 1337 2742 Bethania.

121 2785 259 2852 Marthae
284 2798 318 2850 et
342 2789 465 2852 Mariae
489 2786 609 2852 humile
643 2787 822 2872 hospitium
854 2810 933 2852 auro
957 2789 1161 2853 radiantibus
1184 2787 1338 2871 praetulit

118 2893 241 2974 palatiis
261 2897 417 2973 diuitum;
441 2894 567 2958 illarum
591 2897 697 2978 magis
722 2897 911 2971 ministerio
935 2914 1035 2978 quam
1058 2897 1269 2959 sacerdotum
1283 2895 1337 2965 ,uel

78 3029 103 3064 ας
111 3000 356 3083 pharisaeorum
377 3002 605 3066 delectabatur
621 3004 780 3067 conuiuio
805 3025 867 3066 nec
883 3004 1015 3066 mirum:
1039 3003 1200 3066 Bethania
1214 3005 1337 3086 quippe

107 3109 226 3173 domus
251 3111 483 3174 oboedientiae
507 3111 641 3186 dicitur,
672 3111 727 3173 ubi
750 3111 1061 3174 oboedientissimus
1083 3111 1136 3174 ille
1160 3120 1249 3174 recte
1273 3131 1339 3174 sus·

104 3219 241 3301 cipitur,
271 3219 327 3300 qui
351 3238 412 3300 pro
442 3226 556 3280 nostra
586 3217 833 3282 inoboedientia
861 3221 970 3292 factus
991 3229 1039 3281 est
1059 3218 1221 3281 oboediens
1243 3238 1340 3301 usqam

103 3327 151 3388 od
179 3336 332 3397 mortem,
364 3336 494 3388 mortem
526 3335 631 3387 arctam
655 3327 765 3388 crateri.
790 3327 833 3389 de
856 3325 911 3388 illa
934 3346 1013 3388 uero
1037 3327 1186 3402 ciuitate,
1206 3327 1249 3388 ‘in
1273 3348 1339 3408 qua

102 3454 171 3498 non
205 3434 330 3496 inuenit
361 3433 416 3497 ubi
447 3443 547 3515 caput
578 3453 672 3502 suum
703 3433 890 3509 reclinaret,
929 3433 1096 3516 discipulis
1127 3434 1226 3517 paulo
1262 3445 1338 3498 ante

70 3565 92 3601 io
101 3542 257 3604 dixerat:
289 3541 331 3602 ite
361 3541 395 3602 in
422 3538 604 3613 castellum,
636 3541 723 3623 quod
743 3552 853 3604 contro
877 3563 933 3603 uos
955 3552 1008 3604 est.
1040 3550 1156 3604 contra
1178 3563 1236 3604 eos
1259 3551 1338 3616 erat,

100 3651 185 3730 quia
217 3648 352 3710 credere
385 3647 436 3711 uel
468 3648 626 3711 oboedire
658 3649 786 3712 illorum
819 3650 989 3713 doctrinae
1016 3649 1166 3725 nolebat,
1197 3650 1338 3732 ideoque

101 3755 278 3819 Christum
302 3753 424 3819 habere
448 3755 613 3839 hospitem
638 3773 704 3818 non
728 3766 868 3838 poterat.

217 3862 306 3926 Inter
329 3861 411 3925 haec
435 3863 626 3945 quidnobis
651 3874 701 3926 est
727 3865 892 3944 agendum
916 3864 1116 3926 obstinatam
1132 3865 1338 3929 consideran·

7 3977 9 4048 ᾗ
101 3972 197 4034 tibus
214 3969 475 4034 incredulitatem
487 3969 708 4050 Judaeorum?
732 3971 937 4034 detestamur
952 3972 1092 4034 ciuitatis
1107 3971 1190 4034 illius
1207 3981 1339 4048 statum,

70 4103 93 4138 ss
104 4080 137 4140 in
174 4097 240 4158 qua
270 4097 344 4140 cum
376 4075 491 4159 uulpes
523 4076 696 4139 habuerint
729 4073 870 4150 foueas,
891 4087 925 4138 et
955 4077 1105 4141 uolucres
1128 4078 1209 4142 caeli
1232 4079 1337 4154 nidos,

105 4185 193 4250 filius
226 4183 365 4246 hominis
388 4205 456 4246 non
480 4183 593 4247 habuit
618 4183 672 4246 ubi
695 4183 867 4246 reclinaret
895 4195 994 4268 caput
1017 4206 1119 4248 suum.
1152 4184 1194 4248 ad
1226 4196 1337 4249 contu·

218 4337 242 4389 7.
263 4327 323 4376 Luc.
348 4339 386 4393 19,
406 4337 519 4392 45-47.
540 4355 574 4364 -
594 4326 617 4376 8.
639 4328 680 4378 Pe.
699 4325 740 4388 88,
764 4327 906 4390 15.«-18.
928 4330 990 4377 Mat.
1011 4341 1052 4389 ar,
1076 4339 1215 4388 17.-21.
1236 4330 1256 4378 I.
1277 4330 1336 4380 Cor,

113 4428 134 4476 1,
156 4415 197 4464 28.
217 4443 252 4451 —-
272 4416 313 4464 28.
335 4417 398 4465 Phil.
421 4430 443 4474 2,
465 4416 488 4464 8.
509 4445 542 4452 —-
563 4429 603 4477 30.
627 4418 688 4464 Mat.
710 4429 750 4476 21,
773 4430 797 4464 2.
