3167 5025
1336 254 1355 319 7

126 440 221 503 tione
245 437 416 503 oculorum
441 440 630 503 interiorum
654 458 738 520 opus
762 459 835 502 esse
860 459 921 520 pro
945 439 1132 503 contuenda
1156 437 1213 501 tali
1230 438 1361 499 uisione

126 568 166 626 ac
193 547 404 628 suscipienda
427 547 593 609 dominica
616 546 810 611 uisitatione.
841 557 1026 628 quocontra
1048 547 1091 610 de
1115 544 1181 621 his,
1212 546 1267 626 qui
1290 544 1362 609 sola

125 664 264 717 terrena
285 654 419 735 sapiunt
440 674 501 715 nec
525 655 567 716 ad
592 654 753 736 capienda
776 653 957 735 spiritualia
988 653 1097 716 cordis
1129 653 1233 719 aciem
1256 651 1362 715 suble·

126 782 208 825 uare
233 762 351 835 sciunt,
375 782 434 843 per
458 760 661 843 psalmistam
685 762 949 825 dicitur:·oculas
971 782 1045 823 suos
1066 769 1248 821 statuemur
1269 757 1362 821 decli-

109 890 214 931 snare.
239 869 275 931 in
306 878 434 931 terram.
466 870 590 931 interea
613 869 890 933 considerandum
922 870 1014 950 quia,
1046 888 1121 931 cum
1145 876 1213 931 tres
1236 868 1363 940 uiderit,

135 997 231 1040 unum
265 977 417 1039 adorauit
440 987 473 1039 et
496 978 646 1039 inuitauit
670 977 799 1040 dicens:
829 977 862 1037 si
890 976 1001 1039 turcani
1023 976 1171 1057 gratiam
1202 975 1238 1037 in
1260 974 1363 1061 aculis

135 1085 212 1159 turi,
243 1105 283 1147 ne
314 1094 460 1147 transeas
489 1104 616 1147 semum
647 1094 752 1155 muru,
784 1084 887 1147 modo
918 1085 1017 1145 etiam
1048 1085 1103 1146 uni
1135 1085 1237 1147 modo
1260 1083 1363 1147 tribus

133 1194 295 1273 loquitur,
328 1193 448 1255 trinum
472 1190 624 1263 uidelicet
647 1192 680 1253 in
704 1192 854 1273 personis
879 1211 979 1253 unum
1002 1193 1036 1253 in
1060 1193 1203 1255 essentia
1226 1192 1364 1254 credens

130 1310 164 1361 et
190 1298 362 1363 confitens,

240 1406 383 1469 Elucent
406 1407 528 1488 quippe
553 1404 816 1469 manifestissima
840 1407 969 1470 diuinae
994 1407 1188 1470 uisitationis
1212 1428 1251 1471 ac
1267 1408 1365 1471 deuo·

129 1525 185 1577 tae
210 1515 431 1595 susceptionis
454 1514 589 1589 indicia,
617 1514 822 1577 exuberante
845 1514 956 1576 subito
980 1515 1012 1575 in
1036 1516 1137 1577 corde
1161 1514 1365 1595 patriarchae

130 1624 216 1685 tanti
241 1620 410 1705 proiectus
434 1622 549 1703 gratia.
573 1623 605 1683 in
629 1623 701 1704 ipso
726 1623 813 1685 enim
837 1623 948 1686 statim
972 1622 1106 1685 uisionis
1121 1621 1216 1685 huius
1231 1642 1365 1687 accessu

130 1728 333 1812 prophetico
357 1729 502 1812 repletus
526 1731 640 1811 spiritu
657 1730 867 1802 inscrutabile
883 1729 961 1794 illud
979 1739 1114 1796 sanctae
1130 1739 1163 1793 et
1179 1731 1366 1795 indiuiduae

130 1838 306 1901 Trinitatis
330 1847 572 1900 sacramentum
597 1858 715 1900 sereno
739 1840 849 1901 cordis
873 1839 1029 1919 perspicit
1045 1839 1171 1901 intuitu.
1195 1848 1367 1921 praeterea

94 1973 118 2009 1⁵
130 1946 210 2027 quid
228 1946 368 2009 rationis
385 1946 568 2009 contineret
584 1946 726 2025 mystica
742 1946 865 2027 pedum
881 1945 1013 2019 lauatio,
1035 1965 1136 2027 quam
1152 1946 1366 2026 postmodum

129 2054 298 2117 Dominus
330 2052 496 2133 discipulis
529 2052 594 2115 suis
625 2061 658 2115 et
690 2052 847 2133 exemplo
878 2061 1069 2115 ostensurus
1093 2061 1126 2114 et
1149 2053 1253 2115 uerbo
1276 2074 1367 2136 prae·

131 2169 291 2243 cepturus
316 2168 396 2233 erat,
419 2178 628 2239 nequaquam
652 2158 741 2221 illum
765 2159 868 2222 latere
889 2168 1028 2243 poterat,
1052 2160 1108 2240 qui
1124 2161 1242 2223 eodem
1258 2159 1367 2225 officio

134 2270 232 2331 etiam
256 2265 397 2347 angelos
420 2264 584 2329 honorare
600 2266 744 2341 curabat.
769 2266 889 2330 deinde
910 2274 944 2328 ut
961 2265 1024 2329 hoc
1041 2287 1173 2348 quoque
1190 2268 1368 2332 uisibilibus

137 2376 404 2457 praesignaretur
427 2374 628 2448 ministeriis
660 2375 749 2455 quod
774 2373 985 2455 spiritualiter
1008 2374 1211 2456 implendum
1234 2377 1369 2457 promis·

98 2507 123 2533 20
133 2504 226 2547 surus
250 2491 323 2546 erat
348 2481 524 2545 Dominus:
547 2480 672 2562 siquis
695 2481 856 2562 aperuerit
877 2480 966 2553 milia]
991 2482 1116 2546 intrabo
1138 2482 1188 2546 ad
1207 2481 1311 2557 illum,
1335 2494 1368 2546 et

131 2591 248 2654 cenabo
271 2610 345 2652 cum
369 2589 434 2661 illo,
459 2599 490 2652 et
511 2589 577 2671 ipse
599 2609 728 2661 rincum,
752 2590 911 2672 prouidus
935 2599 1109 2672 susceptor
1124 2589 1272 2673 hospites
1288 2592 1365 2654 inui-

135 2708 186 2760 tat
217 2699 259 2762 ad
292 2697 490 2770 conuiuium,
522 2696 627 2777 magis
659 2716 739 2758 uero
770 2697 895 2778 ipsum,
927 2698 982 2777 qui
1005 2717 1081 2763 cum
1104 2699 1230 2780 angelis
1253 2707 1286 2761 et
1310 2719 1370 2780 per

141 2805 275 2886 angelos
305 2813 520 2887 apparuerat,
552 2803 584 2864 in
615 2803 725 2865 cordis
757 2804 805 2866 sui
837 2804 994 2866 cenaculo
1026 2814 1160 2870 sanctae
1184 2807 1370 2869 deuotionis

141 2912 282 2995 dapibus
303 2911 436 2974 reficere
460 2909 679 2974 desiderabat.

554 3142 869 3207 CAPITVLVM
894 3144 957 3207 III.

327 3289 381 3349 De
405 3287 565 3350 conuiuio
590 3289 722 3365 angelis
746 3289 788 3349 ab
814 3289 994 3350 Abraham
1018 3287 1180 3350 exhibito.

244 3447 329 3529 Quis
359 3448 458 3530 digne
483 3449 689 3530 perpendere
714 3446 836 3523 ualeat,
868 3458 991 3530 quanta
1013 3447 1160 3512 hilaritas
1184 3459 1218 3512 et
1241 3448 1370 3531 agilitas

132 3556 167 3618 in
201 3553 379 3618 Abraham
410 3556 552 3636 impigro
583 3554 707 3618 scilicet
739 3564 833 3636 patre
865 3554 1002 3618 familias
1033 3558 1086 3619 uel
1116 3558 1150 3620 in
1180 3557 1371 3620 domesticis

132 3664 206 3726 eius
239 3663 328 3724 circa
357 3661 582 3726 exhibendum
613 3661 800 3745 hospitibus
835 3665 976 3728 conuiuii
1010 3674 1207 3746 apparatum
1240 3662 1371 3745 uigeat?

90 3768 344 3852 anapostolicae
375 3768 459 3832 illius
489 3770 754 3832 commonitionis
778 3772 957 3834 auctoritas
980 3792 1046 3851 qua
1068 3772 1201 3834 dicitur:
1231 3770 1371 3834 hilarem

133 3877 284 3940 datorem
308 3874 420 3958 diligit
433 3877 531 3961 Deus,
555 3878 702 3940 nondum
726 3879 925 3954 insonuerat,
949 3881 1070 3942 etiam
1093 3878 1177 3941 hanc
1201 3879 1372 3942 incorum

134 3983 295 4048 cordibus
320 3985 390 4065 ipse
414 3984 536 4066 digitus
560 3985 622 4048 Dei
646 3985 832 4065 scripserat,
855 3987 910 4066 qui
926 3986 959 4048 in
974 3986 1093 4048 tabulis
1109 3985 1246 4069 lapideis
1262 3986 1372 4068 legem

136 4092 335 4156 conditurus
365 4101 444 4168 erat.
475 4092 554 4173 quid
586 4091 692 4154 enirn?
732 4087 890 4174 numquid
923 4093 1115 4175 euangelica
1146 4094 1201 4158 illa
1231 4094 1372 4170 Martha,-

137 4219 227 4281 quae
252 4197 399 4261 Domino
423 4199 455 4262 in
479 4218 577 4262 carne
601 4200 766 4281 praesenti
791 4200 1013 4275 ministrabat,
1045 4200 1281 4267 uehementiori
1312 4203 1375 4266 dis·

93 4327 236 4412 sscursu
260 4306 398 4386 fatigari,
429 4307 542 4369 maiori
566 4307 783 4370 sollicitudine
808 4328 888 4390 erga
911 4307 1050 4390 plurima
1073 4309 1197 4372 turbari
1219 4309 1372 4393 poterat?

248 4459 272 4514 5.
293 4449 334 4498 Ps.
357 4445 396 4510 16,
420 4462 458 4498 11.
478 4477 513 4486 —-
533 4461 555 4512 7.
576 4450 641 4499 Gen.
665 4449 703 4512 18,
725 4463 748 4512 3.
768 4477 804 4496 r-
823 4464 864 4499 21.
885 4452 965 4521 Apoc.
981 4464 1004 4512 3,
1019 4454 1215 4513 20.-—31.Il.
1229 4453 1288 4503 Cor.
1302 4469 1326 4518 9,
1345 4465 1371 4516 7.
