3167 5025
233 198 276 278 72'

232 397 447 478 gubernaret,
478 397 547 460 eiius
578 398 698 480 ubique
725 415 792 460 non
817 397 922 461 minus
946 394 1063 462 honori
1094 417 1193 482 quam
1225 397 1356 464 utilitati
1385 418 1459 484 pro·

232 506 366 568 uideret.
391 507 472 567 etin
489 504 539 567 his
555 507 707 569 omnibus
731 505 830 588 plena
853 509 882 568 ei
906 506 976 569 laus
993 529 1012 569 a
1029 529 1172 590 persona
1187 510 1246 571 uiri
1262 509 1460 572 asscribitur.

655 738 963 804 CAPITVLVM
992 740 1035 803 II.

602 884 696 946 Laus
720 903 740 945 a
763 903 915 963 persona
938 887 1088 964 propria.

335 1041 438 1124 Quod
469 1063 548 1106 uero
579 1047 741 1126 sequitur:
772 1056 804 1108 et
829 1047 942 1128 spoliis
965 1067 1026 1108 non
1049 1044 1218 1126 indigebit,
1249 1063 1459 1125 nequaquam
1486 1065 1496 1100 s

230 1151 273 1212 ad
305 1151 409 1212 uirum
440 1150 499 1213 sed
531 1152 574 1213 ad
605 1153 711 1235 ipsam
742 1155 876 1237 proprie
907 1153 1052 1216 refertur.
1084 1173 1144 1214 nec
1174 1153 1219 1212 ita
1242 1151 1368 1213 dictum
1400 1159 1459 1226 est,

231 1259 323 1340 quasi
346 1279 458 1321 carere
482 1259 595 1341 spoliis
619 1260 671 1322 uel
695 1262 801 1342 possit
824 1261 876 1323 uel
901 1261 1038 1334 debeat,
1068 1261 1168 1322 immo
1198 1259 1287 1341 quod
1312 1259 1460 1322 abundet

230 1365 281 1429 his
304 1374 338 1427 et
362 1373 455 1428 tanta
478 1367 508 1428 ei
531 1368 574 1428 sit
597 1367 779 1449 spoliorum
802 1369 906 1450 copia,
931 1377 966 1430 ut
983 1367 1174 1430 fiducialiter
1190 1367 1279 1428 dicat
1295 1368 1367 1428 uiro
1385 1387 1460 1428 suo:

230 1471 373 1536 laetabor
400 1494 456 1555 ego
485 1486 582 1556 super
609 1473 735 1556 eloquia
766 1485 838 1547 tua,
869 1475 953 1538 se'cut
981 1475 1040 1556 qui
1067 1474 1190 1536 inuenit
1216 1473 1321 1554 spolia
1345 1474 1460 1536 multo.

229 1600 297 1644 non
320 1590 409 1644 recte
433 1584 573 1645 laetatur
595 1603 695 1665 super
717 1583 863 1664 eloquia,
894 1584 956 1645 nisi
979 1583 1030 1644 cui
1054 1583 1147 1644 testis
1175 1590 1226 1648 est
1257 1583 1498 1644 conscientia10

230 1708 304 1763 sua,
335 1689 426 1770 quod
458 1709 518 1771 per
549 1689 795 1752 oboedientiam
819 1691 891 1772 ipsa
914 1687 1097 1771 impleuerit
1125 1686 1262 1770 eloquia.
1294 1688 1463 1768 laetantur

229 1794 361 1876 quidem
393 1794 523 1878 plurimi
554 1796 597 1858 de
628 1795 761 1858 inflante
794 1795 1027 1877 scripturarum
1059 1795 1210 1871 scientia,
1242 1795 1302 1857 sed
1331 1816 1400 1858 non
1427 1806 1463 1858 ut

229 1902 344 1966 mulier
373 1902 480 1978 fortis,
518 1922 603 1984 quae
634 1904 758 1964 inuenit
790 1902 898 1984 spolia
932 1901 1043 1966 multa.
1081 1901 1223 1964 laetatur
1254 1903 1327 1984 ipsa
1359 1907 1462 1986 s'uper

229 2010 367 2092 eloquia,
391 2012 547 2093 quoniam
571 2012 604 2072 in
625 2011 819 2092 diripiendis
844 2030 928 2092 quae
949 2010 1002 2072 hic
1018 2020 1319 2072 commemorantur
1335 2012 1454 2093 spoliis,

228 2119 409 2180 eorundem
441 2117 644 2200 eloquiorum
676 2124 791 2180 secuta
820 2126 870 2180 est
894 2118 1134 2198 magisterium,
1166 2119 1272 2199 ipsum
1305 2117 1487 2179 uidelicetu
1577 2137 1578 2150 ¹

228 2226 331 2286 uirum
355 2245 449 2286 suum
466 2224 669 2307 eloquiorum
690 2225 897 2287 conditorem
913 2225 1072 2287 imitando
1089 2225 1290 2306 magistrum.
1306 2224 1349 2286 de
1367 2226 1462 2287 cuius

227 2333 398 2394 natiuitate
415 2331 466 2394 uel
483 2333 638 2394 nascituri
654 2334 787 2394 nomine
811 2330 910 2414 longe
935 2333 1032 2414 prius
1056 2352 1153 2414 quam
1170 2352 1251 2414 puer
1267 2343 1463 2394 nasceretur

228 2449 262 2500 et
292 2439 375 2502 filius
405 2439 502 2501 nobis
532 2441 681 2515 daretur,
713 2440 815 2502 Isaias
846 2441 1087 2523 praenuntiauit
1110 2441 1239 2502 dicens:
1270 2441 1394 2501 accessi
1415 2441 1465 2501 ad

221 2548 475 2629 prophetissam,
506 2560 537 2611 et
566 2550 706 2631 concepit
726 2560 757 2610 et
772 2550 899 2631 peperit
911 2548 1035 2631 filium.
1065 2558 1096 2609 et
1117 2548 1206 2610 deicit
1226 2548 1391 2610 Dominus
1413 2549 1466 2611 ad
1577 2622 1578 2631 2

227 2677 295 2717 me:
318 2677 397 2718 uoco
420 2678 531 2719 nomen
554 2657 639 2719 eius:
661 2655 803 2718 accelera
826 2654 930 2737 spolio
954 2654 1127 2726 detrahere,
1143 2655 1269 2735 festino
1289 2656 1495 2737 praedari.20

333 2763 391 2826 Ad
426 2765 558 2827 beatam
593 2765 679 2826 enim
714 2764 875 2845 uirginem
910 2763 1047 2825 Mariam
1085 2782 1161 2824 uere
1201 2762 1461 2845 prophetissam,

227 2891 268 2932 eo
294 2873 384 2954 quod
408 2873 439 2933 in
464 2873 564 2935 corde
599 2872 668 2934 eius
703 2870 892 2933 caelestium
928 2878 1130 2933 secretorum
1163 2867 1305 2931 thesauri
1338 2869 1460 2933 luerint

226 2979 404 3054 reconditi,
436 3000 502 3042 non
534 2978 624 3040 solus
647 2978 748 3040 Isaias
779 2998 893 3040 uerum
927 2985 960 3039 et
992 2977 1105 3059 reliqui
1133 2974 1315 3058 prophetae
1340 2998 1460 3041 omnes

226 3086 339 3167 spiritu
371 3085 567 3168 prophetico
599 3086 811 3160 accedenteS,
844 3085 907 3147 Dei
938 3083 1038 3146 filium
1071 3105 1115 3145 ex
1148 3104 1187 3145 ea
1219 3084 1459 3155 incarnandum

225 3194 419 3275 praeuidere
450 3203 653 3268 meruerunt,
685 3194 775 3255 cuius
807 3212 891 3275 opus
916 3200 1003 3255 esset
1027 3191 1207 3253 secundum
1230 3209 1353 3252 nomen
1378 3193 1491 3267 eius,2s

225 3300 303 3363 illud
329 3302 481 3364 uidelicet
504 3322 635 3377 nomen,
659 3303 749 3385 quod
774 3302 878 3363 Isaiae
902 3299 1081 3362 reuelatum
1106 3306 1170 3360 est:
1194 3298 1334 3383 accelero
1351 3298 1459 3380 spolie

225 3406 405 3480 detrahere,
429 3410 556 3489 festina
573 3409 741 3492 praedan‘.
773 3410 867 3471 iuxta
891 3427 1021 3469 sensum
1050 3406 1172 3489 quippe
1195 3406 1336 3467 nominis
1360 3404 1456 3468 huius

225 3532 293 3575 non
317 3514 359 3575 ad
384 3514 590 3579 detrahenda
612 3516 704 3578 fortis
729 3516 847 3578 armati
871 3514 978 3595 spolia
1001 3514 1105 3588 uenit,
1132 3513 1234 3574 immo
1259 3520 1292 3573 et
1315 3518 1458 3594 regnum

226 3620 294 3682 eius
317 3641 377 3703 per
400 3630 451 3684 tot
474 3643 634 3686 annorum
667 3623 835 3685 uolumina
867 3623 1097 3685 inconcussum
1128 3620 1218 3682 breui
1242 3622 1351 3702 spatio
1375 3630 1458 3683 tem-

224 3729 314 3809 poris
344 3730 433 3791 uelut
463 3729 619 3792 festinans
650 3730 777 3793 subruit
818 3738 851 3791 et
882 3728 1055 3791 ascenderes
1085 3728 1119 3789 in
1150 3728 1254 3790 altum
1271 3728 1456 3809 'captiuam
1467 3760 1492 3795 30

225 3836 346 3897 exinde
376 3821 595 3918 capiatettatem
626 3837 730 3899 duret.
761 3858 781 3899 a
813 3856 878 3919 quo
908 3838 1067 3898 instructa
1091 3843 1124 3895 et
1148 3835 1303 3897 roborata
1326 3844 1457 3915 martyr

224 3943 355 4020 sancta,
390 3964 615 4026 quaecumque
649 3945 829 4007 animarum
862 3943 967 4025 spolia
1002 3951 1146 4023 tyranno
1181 3943 1307 4025 eripere
1342 3942 1456 4017 ualuit,

225 4051 294 4113 uiro
319 4072 379 4113 suo
402 4050 542 4113 fideliter
564 4050 692 4126 obtulit,
716 4061 752 4113 ut
774 4052 895 4113 merito
919 4051 1054 4124 dicatur,
1079 4049 1244 4131 quianon
1267 4057 1397 4111 tantum
1421 4050 1456 4111 in

223 4160 390 4240 praesenti
414 4160 481 4221 uita
505 4156 618 4239 spoliis
640 4158 830 4233 abundauit,
855 4158 913 4219 sed
938 4177 999 4218 nec
1022 4158 1054 4218 in
1071 4164 1266 4239 perpetuum
1283 4156 1456 4237 indigebit

225 4263 328 4327 fidelis
352 4274 403 4326 est
426 4267 512 4328 enim
537 4266 625 4348 apud
650 4285 747 4347 quem
771 4266 917 4348 reposita
941 4272 1032 4339 sunt,
1055 4273 1088 4325 et
1113 4265 1155 4337 ei,
1181 4284 1263 4345 quae
1288 4264 1455 4344 deposuit,
1466 4294 1491 4331 35

331 4423 354 4471 9.
374 4408 414 4456 Ps.
438 4407 494 4468 118,
518 4404 575 4456 162.
596 4436 629 4443 —
649 4421 690 4455 20.
711 4407 746 4470 Js.
768 4394 792 4467 8,
813 4419 836 4467 3.
857 4434 892 4441 -—
911 4418 953 4467 31.
974 4408 1041 4471 Eph.
1061 4421 1085 4468 4,
1107 4404 1131 4454 8.
