3167 5025
264 240 325 291 112

262 435 394 506 superet
418 422 626 486 facultatem?
651 425 804 507 quocirca
829 425 936 488 cordis
961 425 1083 498 oculos
1107 426 1162 506 qui
1186 447 1205 486 a
1229 425 1379 486 contuitu
1410 421 1510 486 clari·
1580 427 1581 461 ³

261 533 338 593 tatis
370 552 484 594 eorum
514 533 780 608 reuerberantur,
812 533 854 596 ad
887 535 1108 615 nosmetipsos
1139 532 1371 603 deflectamus,
1409 540 1452 592 et
1479 531 1508 591 in
1580 533 1581 570 ³

260 642 365 702 nostri
396 641 659 703 consideratione
690 643 896 724 potissimum
928 641 1001 704 illos
1032 661 1254 704 exerceamus
1293 637 1373 702 nihil
1412 639 1505 699 enim
1567 643 1581 689 -l

261 748 408 829 prodest,
431 750 532 810 immo
555 769 622 810 non
646 749 724 811 nihil
747 750 854 824 obest,
878 750 972 811 alieni
996 752 1120 832 peritos
1144 759 1205 812 nos
1229 769 1303 810 esse
1327 747 1453 808 meriti
1479 755 1507 807 et

261 858 395 937 ignaros
426 858 537 918 nostri.
570 858 646 938 quia
677 877 756 918 uero
785 859 826 920 de
850 857 1013 919 frumento
1038 857 1217 920 electorum
1242 877 1343 939 supra
1367 836 1537 916 dictum}
1578 858 1581 948 J

260 973 328 1038 est,
362 965 452 1045 quod
484 963 590 1026 solum
622 985 734 1026 coram
759 965 833 1027 Deo
857 965 981 1027 bonum
1006 974 1039 1027 et
1062 964 1233 1047 pulchrum
1258 961 1437 1045 propheta
1464 970 1510 1022 te·
1578 949 1579 954 ἵ

261 1079 375 1145 statur,
400 1073 467 1134 duo
491 1071 586 1133 nobis
611 1091 814 1154 magnopere
838 1073 1008 1154 pensanda
1025 1081 1108 1147 sunt,
1132 1093 1192 1154 per
1208 1091 1293 1152 quae
1310 1069 1509 1150 intelligere
1578 1095 1579 1104 ¹

261 1180 444 1260 possimus,
475 1181 501 1241 si
534 1180 575 1241 ad
600 1178 752 1241 frumenti
775 1178 870 1241 huius
894 1181 1094 1242 consortium
1119 1181 1352 1262 pertineamus.
1388 1179 1508 1260 primo

262 1287 349 1348 enim
374 1287 562 1361 uidendum,
585 1289 612 1349 si
635 1306 716 1349 sana
740 1296 773 1348 et
796 1286 889 1349 firma
912 1289 943 1348 in
968 1289 1088 1349 intimis
1111 1289 1153 1348 sit
1177 1288 1288 1361 radix,
1322 1285 1454 1348 deinde
1481 1285 1508 1346 si
1580 1325 1581 1331 κ

261 1393 368 1455 bonus
400 1403 433 1456 et
465 1394 637 1456 abundans
668 1395 700 1456 in
731 1404 848 1477 aperto
879 1394 1010 1457 fructus
1044 1395 1140 1457 radix
1164 1395 1195 1457 in
1219 1404 1308 1456 terra
1332 1396 1506 1476 cogitatio
1518 1415 1540 1438 ¹0

262 1510 312 1562 est
343 1502 375 1562 in
408 1503 524 1575 corde,
557 1501 679 1564 fructus
711 1523 811 1584 super
840 1511 961 1564 terram
994 1523 1078 1585 opus
1109 1504 1140 1563 in
1165 1501 1351 1565 manifesto.
1386 1503 1450 1564 sed
1477 1505 1504 1564 si
1580 1537 1581 1549 κ

262 1610 358 1670 radix
384 1611 593 1690 cogitationis
618 1611 697 1672 uitio
721 1630 844 1692 prauae
868 1611 1056 1672 intentionis
1081 1610 1229 1685 uiolatur,
1253 1610 1320 1670 iam
1337 1611 1502 1692 deinceps

262 1718 294 1778 in
318 1716 446 1779 cultura
468 1719 670 1800 operationis
693 1719 857 1780 incassum
882 1717 975 1779 labor
999 1718 1205 1799 expenditur.
1230 1719 1384 1798 ipsorum
1409 1739 1497 1798 erg0,
1580 1751 1581 1758 κ

262 1825 304 1885 de
337 1825 455 1904 quibus
487 1826 664 1906 loquimur,
697 1827 932 1887 interueniente
965 1825 1148 1908 patrocinio
1177 1834 1245 1886 tam
1270 1826 1490 1887 sinceritatem

263 1932 372 1993 cordis
396 1953 495 2012 quam
519 1932 659 1996 fructum
684 1935 794 2014 operis
817 1934 849 1993 in
874 1932 969 1994 nobis
985 1951 1213 1994 consummare
1231 1932 1392 2012 dignetur
1402 1932 1481 1992 lesus
1492 1955 1515 1988 ιε

263 2037 413 2100 Christus
437 2039 601 2101 Dominus
624 2049 746 2114 noster,
770 2040 825 2120 qui
850 2059 924 2100 cum
948 2040 1043 2101 Patre
1068 2048 1101 2100 et
1125 2038 1246 2120 Spiritu
1271 2049 1396 2104 sancto
1414 2039 1481 2101 uiuit

263 2154 296 2207 et
320 2155 437 2229 regnat
461 2167 521 2230 per
544 2149 654 2211 omnia
678 2146 809 2211 saecula
833 2145 1044 2211 saeculorum.
1092 2145 1211 2209 Amen.

845 2379 908 2443 ΙΙΙ.

707 2530 796 2589 Item
820 2528 913 2589 unde
936 2545 1051 2604 supra.

369 2686 446 2768 Quo
471 2686 670 2768 frequentius
691 2686 869 2749 hodiernae
885 2686 1113 2747 sollemnitatis
1130 2706 1262 2749 causam
1279 2687 1496 2748 retractando
1506 2705 1526 2730 20

262 2795 473 2869 uentilamuS,
505 2815 546 2856 eo
578 2797 688 2857 artiori
720 2794 936 2856 sollicitudine
968 2794 1189 2874 nosmetipsos
1221 2792 1431 2873 obligamm,
1464 2802 1497 2853 ut

262 2902 415 2966 uidelicet
438 2922 504 2964 non
529 2913 596 2964 tam
620 2902 697 2982 quid
722 2900 898 2963 dicendum
919 2900 977 2961 sed
994 2901 1099 2980 magis
1116 2900 1194 2980 quid
1211 2901 1383 2981 agendum
1402 2901 1496 2962 nobis

262 3012 312 3084 sit,
337 3011 483 3073 eiusdem
508 3031 626 3072 causae
650 3018 802 3092 respectu
827 3006 1044 3069 attendamus
1069 3006 1242 3088 multiplex
1258 3026 1408 3088 namque
1425 3008 1497 3069 bea·

262 3129 315 3181 tae
325 3119 503 3181 Felicitatis
515 3117 708 3180 sacrificium
724 3115 937 3198 multiplicem
950 3115 1138 3176 imitationis
1152 3116 1256 3195 exigit
1268 3115 1495 3176 deuotionem.

263 3227 340 3308 quid
374 3246 455 3313 ergo
487 3226 582 3288 nobis
613 3226 655 3287 de
686 3224 782 3286 nobis
814 3223 875 3284 erit
906 3222 1087 3295 residuum,
1122 3222 1148 3282 si
1180 3240 1241 3303 pro
1273 3222 1493 3302 possibilitate
1503 3237 1521 3271 ²5

263 3343 376 3395 nostra
399 3332 609 3415 spiritualiter
626 3332 694 3393 eius
718 3331 810 3411 sequi
833 3328 1031 3391 uoluerimus
1055 3326 1265 3409 exemplum?
1290 3328 1385 3389 euius
1413 3330 1488 3391 deni-

263 3461 327 3520 que
351 3460 408 3501 cor
432 3450 465 3501 et
489 3461 566 3502 caro
590 3440 637 3501 sic
660 3438 858 3521 exultabunt
882 3438 914 3498 in
934 3436 1041 3498 Deum
1066 3436 1183 3509 uiuum,
1208 3437 1482 3516 quemadmodum

264 3548 332 3608 eius
365 3568 449 3626 quae
482 3554 656 3627 utrumque
690 3543 808 3607 horum
841 3553 909 3605 tam
943 3544 976 3604 in
1009 3541 1080 3603 filiis
1116 3562 1214 3622 quam
1246 3544 1278 3603 in
1313 3546 1489 3625 semetipsa

264 3653 451 3735 plenissime
475 3653 677 3716 immolauit?
708 3654 847 3735 proinde
871 3650 975 3713 fidelis
999 3671 1038 3712 ac
1062 3650 1135 3711 Deo
1160 3650 1301 3711 deuotus
1334 3651 1491 3715 uirtutum

265 3758 446 3820 aemulator
477 3760 519 3821 ad
551 3760 720 3822 offerenda
750 3758 945 3821 holocausta
977 3755 1154 3818 medullata
1181 3776 1253 3817 sese
1278 3756 1493 3820 exhortando
1503 3781 1525 3817 30

264 3866 376 3927 incitet
399 3865 527 3927 dicens:
559 3866 685 3928 benedic
707 3866 820 3927 anima
844 3886 914 3927 mea
938 3863 1085 3935 Domino,
1114 3874 1145 3925 et
1166 3863 1275 3925 omnia
1298 3884 1383 3944 quae
1407 3864 1493 3926 intro

265 3992 314 4033 me
342 3982 419 4033 sunt
448 3972 571 4033 nornini
598 3982 708 4035 sancto
737 3974 823 4035 eius:
854 3974 909 4053 qui
941 3972 1026 4033 enim
1054 3972 1165 4033 omnia
1187 3970 1344 4032 interiora
1368 3992 1430 4033 sua
1452 3971 1494 4033 ad

266 4098 445 4141 consonam
476 4077 563 4140 illam
594 4080 722 4141 diuinae
754 4080 859 4142 laudis
890 4078 1094 4140 harmoniam
1126 4077 1313 4139 coadunare
1338 4079 1493 4160 potuerit,

264 4195 353 4248 recte
388 4206 449 4267 pro
483 4187 700 4249 uniuersitatis
730 4186 825 4248 huius
857 4184 1050 4248 collectione
1082 4182 1282 4265 spiritualem
1315 4184 1493 4267 septenarii

265 4293 467 4355 oblationem
492 4293 565 4354 Deo
589 4311 625 4353 se
649 4312 860 4358 consecrasse
884 4288 1049 4377 gaudebit.
1081 4299 1116 4356 ut
1140 4310 1219 4356 vero
1250 4290 1350 4356 etiam
1375 4288 1523 4378 simpli-rs
1569 4319 1577 4334 ι

1580 4390 1581 4415 l

371 4448 413 4499 32.
433 4436 473 4487 Ps.
497 4448 553 4497 102,
577 4448 598 4486 1.
