3167 5025
1246 253 1302 326 103

66 433 181 502 etiam
203 432 349 522 ipsorum
374 431 475 502 corda
500 444 616 523 utpote
640 453 816 523 puerorum
841 432 893 504 uel
918 426 1164 505 adolescentum
1188 444 1306 506 eodem

65 558 218 610 naturae
249 549 402 610 instinctu
432 546 597 610 sauciata?
629 549 786 629 numquid
811 549 896 610 enim
921 549 1046 610 uiscera
1069 570 1128 612 sua
1151 559 1264 613 tenera
1288 574 1307 614 a

67 655 197 716 dolore
229 656 397 718 continere
428 663 599 738 poterant,
630 657 877 718 considerantes
908 657 1019 736 utique
1051 677 1124 718 sese
1154 669 1306 721 amatre

67 761 270 825 dulcissima
299 763 524 844 temporaliter
554 765 697 845 separari
728 765 899 846 ipsamque
931 765 1051 846 pariter
1084 765 1181 828 iudici
1217 787 1306 847 prae-

47 879 245 932 ssentatam
271 870 415 932 eiusdem
440 872 621 933 sententiae
644 869 742 932 finem
766 870 980 952 praestolari?

187 977 305 1058 ltaque
327 998 403 1040 cum
426 977 650 1060 inseparabilis
674 979 848 1060 utrobique
873 979 1022 1041 uideatur
1037 979 1197 1061 passionis
1222 1000 1307 1042 coms

71 1086 202 1157 mtmi0,
226 1086 344 1147 eadem
367 1083 576 1147 nihilominus
600 1094 650 1148 est
672 1085 772 1148 etiam
788 1085 956 1166 utriusque
973 1084 1199 1148 sollemnitatis
1215 1089 1306 1148 ratio

72 1193 171 1255 uerbi
191 1193 313 1273 gratia:
344 1191 537 1255 hodiernam
557 1193 644 1254 diem
668 1213 729 1275 pro
753 1192 941 1255 ueneranda
965 1202 1152 1256 sanctorum
1176 1202 1306 1276 septem

70 1300 218 1362 fratrum
253 1301 406 1381 passione
440 1300 560 1362 debitis
594 1298 775 1362 honoribus
813 1297 1016 1362 celebramus
1051 1307 1085 1362 et
1119 1310 1308 1363 constanter

41 1430 63 1454 ³0
71 1407 229 1490 profiteri
253 1409 419 1482 audemus
443 1409 519 1489 quia
542 1409 641 1470 etiam
666 1409 779 1470 matris
795 1409 896 1490 ipsius
913 1407 1011 1470 hodie
1027 1407 1111 1470 festa
1126 1408 1308 1471 recolimus

71 1517 164 1578 sicut
197 1516 285 1577 enim
315 1524 462 1590 constat,
492 1517 569 1596 quia
591 1517 645 1578 isti
667 1513 766 1578 hodie
789 1535 852 1598 pro
876 1513 1006 1578 Christo
1030 1517 1118 1596 passi
1142 1524 1233 1591 sunt,
1263 1518 1309 1578 ita

73 1643 186 1705 aeque
211 1630 322 1704 patet,
353 1622 443 1703 quod
467 1632 500 1684 et
524 1631 630 1684 mater
652 1623 685 1684 in
708 1622 843 1703 singulis
869 1643 982 1685 eorum
1006 1643 1105 1704 passa
1129 1632 1187 1685 est.
1219 1625 1310 1704 quod

73 1732 102 1790 si
136 1730 296 1810 martyris
327 1729 497 1793 cuiuslibet
529 1749 593 1792 una
623 1739 750 1792 tantum
779 1730 927 1812 corporis
951 1739 1056 1791 morte
1080 1729 1309 1812 triumphantis

75 1857 190 1898 annua
214 1836 417 1898 sollemnitas
441 1837 558 1898 merito
581 1838 697 1917 agitur,
721 1845 846 1917 quanto
871 1837 976 1920 magis
999 1837 1069 1898 dies
1093 1837 1164 1911 ista,
1188 1838 1219 1898 in
1244 1859 1310 1918 qua

44 1945 178 2006 1sbeata
204 1943 359 2006 Felicitas
392 1952 520 2026 septem
551 1942 680 2024 gladios
710 1944 877 2017 sustinuit,
909 1944 970 2024 ipsi
993 1943 1115 2024 pariter
1139 1964 1212 2006 cum
1237 1943 1309 2006 liliis

79 2050 292 2114 attribuitur?
316 2053 392 2131 quin
416 2052 528 2132 potius
551 2072 592 2112 eo
616 2052 761 2131 gratiora
784 2048 856 2112 filiis
881 2071 939 2114 sua
962 2071 1035 2112 esse
1059 2052 1159 2113 credo
1182 2049 1310 2113 sollem-

83 2161 148 2233 nia,
171 2179 244 2239 quo
267 2158 457 2220 sollemnior
479 2160 511 2220 in
534 2161 581 2220 eis
605 2160 718 2220 matris
741 2179 819 2222 suae
843 2158 937 2220 luerit
961 2160 1126 2221 memoria.
1158 2179 1217 2241 per
1240 2160 1309 2222 eius

90 2267 167 2328 enim
200 2267 393 2328 industriam
424 2268 468 2329 'ad
499 2275 611 2328 tantae
643 2265 870 2328 sollemnitatis
902 2267 1032 2328 enutriti
1063 2275 1138 2328 sunt
1161 2265 1309 2346 gloriam,

88 2374 316 2453 praeueniente
348 2382 459 2436 tamen
482 2383 514 2436 et
539 2375 760 2455 subsequente
788 2383 892 2437 matre
922 2373 976 2434 illa
1000 2374 1041 2435 de
1064 2395 1130 2454 qua
1153 2375 1308 2456 scriptum

53 2502 77 2527 20
86 2491 149 2546 est:
173 2482 334 2564 sapientia
349 2482 440 2565 filiis
462 2483 531 2545 snz's
554 2483 656 2546 uitam
679 2484 827 2566 inspirat,
850 2493 881 2545 et
901 2482 1036 2564 suscipit
1056 2483 1254 2564 exquirentes
1268 2503 1308 2553 se,

86 2600 115 2649 et
130 2589 272 2671 praeibit
286 2590 321 2651 in
337 2590 393 2651 nra
417 2590 567 2653 institiae.
590 2592 669 2653 item
693 2612 755 2653 nec
778 2590 954 2673 specialem
972 2591 1073 2672 ipsius
1088 2589 1309 2663 festivitatem,

90 2717 170 2775 quae
201 2717 263 2780 pro
296 2707 524 2761 consummata
555 2699 703 2779 martyrii
733 2701 803 2761 eius
835 2699 939 2779 gloria
970 2697 1107 2767 celebris
1140 2705 1206 2771 est,
1239 2698 1308 2758 sine

93 2801 222 2867 filiorum
258 2806 572 2869 commemoratione
607 2826 706 2887 agere
741 2826 917 2889 possumus
951 2815 1007 2868 aut
1039 2804 1213 2878 debemus
1249 2804 1308 2865 sed

91 2920 183 2990 grata
213 2932 345 2994 semper
379 2913 600 2976 uicissitudine
633 2922 773 2976 matrem
808 2922 1003 2977 uenerantes
1034 2913 1066 2973 in
1097 2910 1168 2973 liliis
1201 2912 1309 2973 iucun-

54 3036 78 3071 2⁵
86 3018 214 3095 demur,
245 3021 390 3101 itemque
421 3017 505 3082 lilios
536 3019 729 3083 excolentes
752 3022 784 3083 in
808 3029 913 3083 matre
937 3019 1121 3101 gloriemur.
1152 3019 1198 3080 sic
1221 3018 1308 3079 enim

80 3147 145 3191 non
180 3126 288 3189 solum
319 3126 468 3207 religioni
499 3130 558 3191 sed
589 3137 622 3191 et
653 3137 788 3191 naturae
813 3128 902 3210 quod
926 3148 1020 3191 suum
1044 3136 1094 3189 est
1126 3124 1309 3189 deferimus

77 3254 246 3315 quaenam
278 3254 358 3315 ergo
389 3236 488 3296 etiam
519 3235 615 3299 nobis
646 3237 678 3297 in
709 3238 874 3319 praesenti
905 3236 1150 3299 conuenientior
1182 3234 1241 3295 erit
1265 3232 1309 3295 loa

77 3342 205 3423 quendi
228 3339 349 3415 forma,
381 3361 480 3422 quam
504 3342 550 3404 ita
573 3344 710 3424 exsequi
737 3343 851 3407 laudes
874 3342 1028 3417 filiorum,
1060 3352 1095 3403 ut
1118 3361 1185 3403 non
1208 3339 1309 3421 longe

76 3449 306 3531 digrediamur
329 3468 348 3509 a
372 3456 477 3510 matre
507 3448 674 3530 ipsorum?
704 3433 843 3512 intendit
875 3450 960 3511 enim
984 3447 1130 3510 fortassis
1162 3445 1225 3509 hoc
1253 3468 1308 3509 ex·

49 3556 230 3637 spectatio
253 3556 427 3631 auditoriS,
458 3563 494 3617 ut
524 3558 676 3638 proprius
699 3578 739 3619 ac
762 3556 913 3640 specialis
938 3555 994 3618 liat
1025 3575 1133 3617 sermo
1165 3555 1206 3616 de
1238 3552 1308 3615 filiis

76 3664 190 3743 gratia
213 3659 391 3725 hodiernae
415 3661 658 3738 sollemnitatis
689 3684 728 3726 ac
752 3664 780 3725 si
804 3664 1071 3745 superabundent
1102 3682 1186 3743 quae
1210 3682 1310 3743 supra

75 3772 272 3835 dictasunt
296 3771 338 3832 de
362 3770 546 3851 praeconiis
570 3771 690 3831 matris
715 3771 774 3832 sed
799 3771 882 3833 sicut
899 3771 940 3832 ad
957 3770 1065 3832 locum
1082 3770 1168 3832 unde
1185 3776 1308 3831 exeunt

75 3876 217 3939 flumina
246 3885 454 3938 reuertuntur
484 3886 519 3937 ut
550 3876 667 3938 iterum
694 3875 813 3951 fluant,
843 3878 889 3939 ita
912 3896 1092 3957 congruam
1116 3876 1308 3939 relationem

76 3981 206 4046 habere
237 3982 389 4045 uidentur
411 3993 540 4065 septem
570 3984 630 4045 riui
660 3964 764 4046 nostri
787 3985 830 4046 ad
854 3992 993 4045 matrem
1016 3986 1109 4065 quasi
1140 3984 1182 4045 ad
1215 4001 1308 4045 suum

11 4073 12 4076 ¹
47 4088 225 4162 alentem,
256 4088 423 4152 moraliter
446 4090 620 4152 dumtaxat
651 4090 744 4152 saluo
767 4090 895 4152 litterae
918 4088 1012 4152 huius
1036 4090 1178 4172 mystico
1202 4109 1307 4151 sensu.

80 4198 122 4257 ad
141 4215 243 4277 quem
265 4195 389 4258 sontem
414 4206 553 4259 matrem
575 4196 734 4271 uidelicet,
758 4198 784 4258 si
801 4198 955 4278 congruis
972 4198 1145 4260 uerborum
1163 4198 1309 4276 uestigiis

81 4323 141 4363 eos
166 4304 319 4383 persequi
343 4323 382 4365 ac
397 4324 457 4384 per
473 4324 549 4365 suos
566 4313 693 4366 meatus
710 4304 785 4366 inde
803 4304 957 4367 diducere
978 4323 1157 4385 possemus
1183 4303 1310 4383 largam

192 4457 233 4493 21.
254 4445 321 4494 Eccl.
342 4460 366 4506 4,
392 4457 430 4493 12.
