<?xml version="1.0" encoding="UTF-8"?>
<!DOCTYPE html PUBLIC "-//W3C//DTD XHTML 1.0 Transitional//EN"
    "http://www.w3.org/TR/xhtml1/DTD/xhtml1-transitional.dtd">
<html xmlns="http://www.w3.org/1999/xhtml" xml:lang="en" lang="en">
 <head>
  <title>
</title>
<meta http-equiv="Content-Type" content="text/html;charset=utf-8" />
  <meta name='ocr-system' content='tesseract 3.04.00' />
  <meta name='ocr-capabilities' content='ocr_page ocr_carea ocr_par ocr_line ocrx_word'/>
</head>
<body>
  <div class='ocr_page' id='page_1' title='image "./tutonismonachio00rubagoog_0143.png"; bbox 0 0 3167 5025; ppageno 0'>
   <div class='ocr_carea' id='block_1_1' title="bbox 1276 247 1334 294">
    <p class='ocr_par' dir='ltr' id='par_1_1' title="bbox 1276 247 1334 294">
     <span class='ocr_line' id='line_1_1' title="bbox 1276 247 1334 294; baseline 0.034 -2"><span class='ocrx_word' id='word_1_1' title='bbox 1276 247 1334 294; x_wconf 81' lang='lat'><strong>121</strong></span> 
     </span>
    </p>
   </div>
   <div class='ocr_carea' id='block_1_2' title="bbox 58 424 1341 3735">
    <p class='ocr_par' dir='ltr' id='par_1_2' title="bbox 58 424 1341 3735">
     <span class='ocr_line' id='line_1_2' title="bbox 96 424 1337 510; baseline 0.002 -24"><span class='ocrx_word' id='word_1_2' title='bbox 96 426 270 507; x_wconf 86' lang='lat' dir='ltr'><strong>stringat,</strong></span> <span class='ocrx_word' id='word_1_3' title='bbox 300 424 467 489; x_wconf 91' lang='lat' dir='ltr'><strong>Ianuarius</strong></span> <span class='ocrx_word' id='word_1_4' title='bbox 498 427 636 490; x_wconf 85' lang='lat' dir='ltr'><strong>filiorum</strong></span> <span class='ocrx_word' id='word_1_5' title='bbox 667 428 790 510; x_wconf 90' lang='lat' dir='ltr'><strong>primus</strong></span> <span class='ocrx_word' id='word_1_6' title='bbox 815 448 834 490; x_wconf 94' lang='lat' dir='ltr'><strong>a</strong></span> <span class='ocrx_word' id='word_1_7' title='bbox 857 428 952 490; x_wconf 89' lang='lat' dir='ltr'><strong>ianua</strong></span> <span class='ocrx_word' id='word_1_8' title='bbox 979 427 1087 490; x_wconf 89' lang='lat' dir='ltr'><strong>cordis</strong></span> <span class='ocrx_word' id='word_1_9' title='bbox 1119 435 1152 490; x_wconf 89' lang='lat' dir='ltr'><strong>et</strong></span> <span class='ocrx_word' id='word_1_10' title='bbox 1183 436 1337 491; x_wconf 90' lang='lat' dir='ltr'><strong>contactu</strong></span> 
     </span>
     <span class='ocr_line' id='line_1_3' title="bbox 93 533 1338 617; baseline 0.003 -23"><span class='ocrx_word' id='word_1_11' title='bbox 93 535 263 616; x_wconf 90' lang='lat' dir='ltr'><strong>corporis</strong></span> <span class='ocrx_word' id='word_1_12' title='bbox 286 533 533 598; x_wconf 84' lang='lat' dir='ltr'>fornicationem</span> <span class='ocrx_word' id='word_1_13' title='bbox 557 534 710 617; x_wconf 86' lang='lat' dir='ltr'><strong>repellat,</strong></span> <span class='ocrx_word' id='word_1_14' title='bbox 741 534 836 598; x_wconf 87' lang='lat' dir='ltr'>Felix</span> <span class='ocrx_word' id='word_1_15' title='bbox 860 544 928 597; x_wconf 90' lang='lat' dir='ltr'><strong>tam</strong></span> <span class='ocrx_word' id='word_1_16' title='bbox 957 535 1137 599; x_wconf 83' lang='lat' dir='ltr'><strong>imitatione</strong></span> <span class='ocrx_word' id='word_1_17' title='bbox 1161 557 1260 617; x_wconf 89' lang='lat' dir='ltr'><strong>quam</strong></span> <span class='ocrx_word' id='word_1_18' title='bbox 1283 557 1338 599; x_wconf 94' lang='lat' dir='ltr'><strong>no·</strong></span> 
     </span>
     <span class='ocr_line' id='line_1_4' title="bbox 94 641 1338 726; baseline 0.002 -23"><span class='ocrx_word' id='word_1_19' title='bbox 94 641 200 702; x_wconf 90' lang='lat' dir='ltr'><strong>mine</strong></span> <span class='ocrx_word' id='word_1_20' title='bbox 224 643 337 704; x_wconf 83' lang='lat' dir='ltr'><strong>matris</strong></span> <span class='ocrx_word' id='word_1_21' title='bbox 360 643 532 724; x_wconf 85' lang='lat' dir='ltr'><strong>insignitus</strong></span> <span class='ocrx_word' id='word_1_22' title='bbox 555 641 801 726; x_wconf 84' lang='lat' dir='ltr'><strong>philargyriam,</strong></span> <span class='ocrx_word' id='word_1_23' title='bbox 825 643 858 704; x_wconf 94' lang='lat' dir='ltr'><strong>id</strong></span> <span class='ocrx_word' id='word_1_24' title='bbox 882 651 932 706; x_wconf 90' lang='lat' dir='ltr'><strong>est</strong></span> <span class='ocrx_word' id='word_1_25' title='bbox 955 641 1133 717; x_wconf 88' lang='lat' dir='ltr'><strong>auaritiam,</strong></span> <span class='ocrx_word' id='word_1_26' title='bbox 1157 645 1338 725; x_wconf 86' lang='lat' dir='ltr'><strong>extinguat,</strong></span> 
     </span>
     <span class='ocr_line' id='line_1_5' title="bbox 95 746 1338 832; baseline 0.003 -23"><span class='ocrx_word' id='word_1_27' title='bbox 95 746 292 830; x_wconf 86' lang='lat' dir='ltr'><strong>Philippus,</strong></span> <span class='ocrx_word' id='word_1_28' title='bbox 316 750 372 830; x_wconf 89' lang='lat' dir='ltr'><strong>qui</strong></span> <span class='ocrx_word' id='word_1_29' title='bbox 388 769 426 812; x_wconf 91' lang='lat' dir='ltr'><strong>os</strong></span> <span class='ocrx_word' id='word_1_30' title='bbox 443 749 604 832; x_wconf 83' lang='lat' dir='ltr'><strong>lampadis</strong></span> <span class='ocrx_word' id='word_1_31' title='bbox 627 751 869 832; x_wconf 82' lang='lat' dir='ltr'><strong>interpretatur,</strong></span> <span class='ocrx_word' id='word_1_32' title='bbox 894 748 1058 812; x_wconf 91' lang='lat' dir='ltr'><strong>mentibus</strong></span> <span class='ocrx_word' id='word_1_33' title='bbox 1082 748 1248 813; x_wconf 87' lang='lat' dir='ltr'><strong>illustratis</strong></span> <span class='ocrx_word' id='word_1_34' title='bbox 1272 752 1338 814; x_wconf 90' lang='lat' dir='ltr'><strong>irae</strong></span> 
     </span>
     <span class='ocr_line' id='line_1_6' title="bbox 68 854 1339 940; baseline 0.006 -27"><span class='ocrx_word' id='word_1_35' title='bbox 68 854 261 917; x_wconf 80' lang='lat' dir='ltr'><strong>snubilum</strong></span> <span class='ocrx_word' id='word_1_36' title='bbox 291 857 460 932; x_wconf 89' lang='lat' dir='ltr'><strong>discutiat,</strong></span> <span class='ocrx_word' id='word_1_37' title='bbox 491 857 636 932; x_wconf 88' lang='lat' dir='ltr'><strong>Silanus,</strong></span> <span class='ocrx_word' id='word_1_38' title='bbox 666 859 721 940; x_wconf 92' lang='lat' dir='ltr'><strong>qui</strong></span> <span class='ocrx_word' id='word_1_39' title='bbox 750 859 871 920; x_wconf 88' lang='lat' dir='ltr'><strong>dicitur</strong></span> <span class='ocrx_word' id='word_1_40' title='bbox 891 859 1024 934; x_wconf 80' lang='lat' dir='ltr'><strong>missuS,</strong></span> <span class='ocrx_word' id='word_1_41' title='bbox 1055 859 1097 922; x_wconf 93' lang='lat' dir='ltr'><strong>ad</strong></span> <span class='ocrx_word' id='word_1_42' title='bbox 1129 859 1339 940; x_wconf 78' lang='lat' dir='ltr'><strong>effugandam</strong></span> 
     </span>
     <span class='ocr_line' id='line_1_7' title="bbox 96 963 1339 1048; baseline 0.003 -25"><span class='ocrx_word' id='word_1_43' title='bbox 96 963 280 1025; x_wconf 90' lang='lat' dir='ltr'><strong>tristitiam</strong></span> <span class='ocrx_word' id='word_1_44' title='bbox 302 964 375 1046; x_wconf 93' lang='lat' dir='ltr'><strong>pius</strong></span> <span class='ocrx_word' id='word_1_45' title='bbox 398 964 589 1028; x_wconf 88' lang='lat' dir='ltr'><strong>consolator</strong></span> <span class='ocrx_word' id='word_1_46' title='bbox 611 965 685 1027; x_wconf 91' lang='lat' dir='ltr'><strong>Deo</strong></span> <span class='ocrx_word' id='word_1_47' title='bbox 710 965 862 1028; x_wconf 87' lang='lat' dir='ltr'><strong>mittente</strong></span> <span class='ocrx_word' id='word_1_48' title='bbox 887 966 1012 1041; x_wconf 90' lang='lat' dir='ltr'><strong>ueniat,</strong></span> <span class='ocrx_word' id='word_1_49' title='bbox 1043 965 1253 1041; x_wconf 85' lang='lat' dir='ltr'><strong>Alexander,</strong></span> <span class='ocrx_word' id='word_1_50' title='bbox 1284 966 1339 1048; x_wconf 93' lang='lat' dir='ltr'><strong>qui</strong></span> 
     </span>
     <span class='ocr_line' id='line_1_8' title="bbox 97 1070 1339 1153; baseline 0.002 -22"><span class='ocrx_word' id='word_1_51' title='bbox 97 1070 348 1152; x_wconf 86' lang='lat' dir='ltr'><strong>interpretatur</strong></span> <span class='ocrx_word' id='word_1_52' title='bbox 378 1070 527 1134; x_wconf 85' lang='lat' dir='ltr'><strong>auferens</strong></span> <span class='ocrx_word' id='word_1_53' title='bbox 558 1073 744 1153; x_wconf 82' lang='lat' dir='ltr'><strong>angustiam</strong></span> <span class='ocrx_word' id='word_1_54' title='bbox 775 1073 1001 1149; x_wconf 87' lang='lat' dir='ltr'><strong>tenebrarum,</strong></span> <span class='ocrx_word' id='word_1_55' title='bbox 1036 1075 1193 1137; x_wconf 92' lang='lat' dir='ltr'><strong>accidiam</strong></span> <span class='ocrx_word' id='word_1_56' title='bbox 1224 1073 1257 1134; x_wconf 92' lang='lat' dir='ltr'><strong>id</strong></span> <span class='ocrx_word' id='word_1_57' title='bbox 1288 1081 1339 1134; x_wconf 87' lang='lat' dir='ltr'><strong>est</strong></span> 
     </span>
     <span class='ocr_line' id='line_1_9' title="bbox 98 1177 1339 1254; baseline 0.001 -15"><span class='ocrx_word' id='word_1_58' title='bbox 98 1178 317 1240; x_wconf 87' lang='lat' dir='ltr'><strong>anxietatem</strong></span> <span class='ocrx_word' id='word_1_59' title='bbox 341 1199 399 1242; x_wconf 91' lang='lat' dir='ltr'><strong>seu</strong></span> <span class='ocrx_word' id='word_1_60' title='bbox 423 1180 567 1241; x_wconf 91' lang='lat' dir='ltr'><strong>taedium</strong></span> <span class='ocrx_word' id='word_1_61' title='bbox 591 1179 700 1241; x_wconf 91' lang='lat' dir='ltr'><strong>cordis</strong></span> <span class='ocrx_word' id='word_1_62' title='bbox 724 1177 865 1254; x_wconf 81' lang='lat' dir='ltr'><strong>auferat,</strong></span> <span class='ocrx_word' id='word_1_63' title='bbox 890 1179 1007 1243; x_wconf 89' lang='lat' dir='ltr'><strong>Vitalis</strong></span> <span class='ocrx_word' id='word_1_64' title='bbox 1032 1181 1118 1243; x_wconf 90' lang='lat' dir='ltr'><strong>uitae</strong></span> <span class='ocrx_word' id='word_1_65' title='bbox 1142 1181 1339 1244; x_wconf 85' lang='lat' dir='ltr'><strong>contrariam</strong></span> 
     </span>
     <span class='ocr_line' id='line_1_10' title="bbox 97 1285 1338 1368; baseline 0 -20"><span class='ocrx_word' id='word_1_66' title='bbox 97 1285 337 1348; x_wconf 85' lang='lat' dir='ltr'><strong>cenodoxiam</strong></span> <span class='ocrx_word' id='word_1_67' title='bbox 361 1307 381 1348; x_wconf 91' lang='lat' dir='ltr'><strong>a</strong></span> <span class='ocrx_word' id='word_1_68' title='bbox 403 1285 555 1349; x_wconf 90' lang='lat' dir='ltr'><strong>uitalibus</strong></span> <span class='ocrx_word' id='word_1_69' title='bbox 579 1288 707 1349; x_wconf 88' lang='lat' dir='ltr'><strong>animae</strong></span> <span class='ocrx_word' id='word_1_70' title='bbox 731 1286 889 1361; x_wconf 91' lang='lat' dir='ltr'><strong>secludat,</strong></span> <span class='ocrx_word' id='word_1_71' title='bbox 917 1287 1080 1350; x_wconf 89' lang='lat' dir='ltr'><strong>Marcialis</strong></span> <span class='ocrx_word' id='word_1_72' title='bbox 1103 1308 1123 1349; x_wconf 92' lang='lat' dir='ltr'><strong>a</strong></span> <span class='ocrx_word' id='word_1_73' title='bbox 1146 1287 1259 1349; x_wconf 90' lang='lat' dir='ltr'><strong>Marco</strong></span> <span class='ocrx_word' id='word_1_74' title='bbox 1284 1287 1338 1368; x_wconf 90' lang='lat' dir='ltr'><strong>qui</strong></span> 
     </span>
     <span class='ocr_line' id='line_1_11' title="bbox 58 1393 1340 1478; baseline 0.001 -23"><span class='ocrx_word' id='word_1_75' title='bbox 58 1413 86 1438; x_wconf 82' lang='lat'><strong>10</strong></span> <span class='ocrx_word' id='word_1_76' title='bbox 98 1393 267 1456; x_wconf 89' lang='lat' dir='ltr'><strong>excelsus</strong></span> <span class='ocrx_word' id='word_1_77' title='bbox 298 1393 456 1456; x_wconf 87' lang='lat' dir='ltr'><strong>mandato</strong></span> <span class='ocrx_word' id='word_1_78' title='bbox 488 1395 605 1456; x_wconf 89' lang='lat' dir='ltr'><strong>dicitur</strong></span> <span class='ocrx_word' id='word_1_79' title='bbox 628 1416 749 1458; x_wconf 90' lang='lat' dir='ltr'><strong>nomen</strong></span> <span class='ocrx_word' id='word_1_80' title='bbox 773 1396 938 1478; x_wconf 90' lang='lat' dir='ltr'><strong>accipiens</strong></span> <span class='ocrx_word' id='word_1_81' title='bbox 962 1395 1165 1476; x_wconf 88' lang='lat' dir='ltr'><strong>superbiam,</strong></span> <span class='ocrx_word' id='word_1_82' title='bbox 1197 1415 1262 1478; x_wconf 92' lang='lat' dir='ltr'><strong>qua</strong></span> <span class='ocrx_word' id='word_1_83' title='bbox 1284 1415 1340 1456; x_wconf 88' lang='lat' dir='ltr'><strong>ex·</strong></span> 
     </span>
     <span class='ocr_line' id='line_1_12' title="bbox 98 1501 1339 1585; baseline 0.002 -23"><span class='ocrx_word' id='word_1_84' title='bbox 98 1501 203 1563; x_wconf 88' lang='lat' dir='ltr'><strong>celsa</strong></span> <span class='ocrx_word' id='word_1_85' title='bbox 227 1501 290 1562; x_wconf 92' lang='lat' dir='ltr'><strong>Dei</strong></span> <span class='ocrx_word' id='word_1_86' title='bbox 313 1510 567 1563; x_wconf 90' lang='lat' dir='ltr'><strong>contemnuntur</strong></span> <span class='ocrx_word' id='word_1_87' title='bbox 590 1503 762 1576; x_wconf 89' lang='lat' dir='ltr'><strong>mandata,</strong></span> <span class='ocrx_word' id='word_1_88' title='bbox 786 1501 899 1583; x_wconf 84' lang='lat' dir='ltr'><strong>gladio</strong></span> <span class='ocrx_word' id='word_1_89' title='bbox 923 1502 1080 1585; x_wconf 86' lang='lat' dir='ltr'><strong>spirituali</strong></span> <span class='ocrx_word' id='word_1_90' title='bbox 1104 1503 1230 1566; x_wconf 86' lang='lat' dir='ltr'><strong>deiciat.</strong></span> <span class='ocrx_word' id='word_1_91' title='bbox 1263 1524 1339 1566; x_wconf 88' lang='lat' dir='ltr'><strong>ecce</strong></span> 
     </span>
     <span class='ocr_line' id='line_1_13' title="bbox 99 1607 1338 1692; baseline 0.002 -22"><span class='ocrx_word' id='word_1_92' title='bbox 99 1608 278 1670; x_wconf 87' lang='lat' dir='ltr'><strong>medicina</strong></span> <span class='ocrx_word' id='word_1_93' title='bbox 300 1607 467 1684; x_wconf 87' lang='lat' dir='ltr'><strong>caelestis,</strong></span> <span class='ocrx_word' id='word_1_94' title='bbox 497 1607 659 1672; x_wconf 86' lang='lat' dir='ltr'><strong>confectio</strong></span> <span class='ocrx_word' id='word_1_95' title='bbox 683 1609 849 1684; x_wconf 77' lang='lat' dir='ltr'><strong>salutariS,</strong></span> <span class='ocrx_word' id='word_1_96' title='bbox 874 1608 991 1672; x_wconf 87' lang='lat' dir='ltr'><strong>efficax</strong></span> <span class='ocrx_word' id='word_1_97' title='bbox 1016 1619 1049 1671; x_wconf 89' lang='lat' dir='ltr'><strong>et</strong></span> <span class='ocrx_word' id='word_1_98' title='bbox 1068 1619 1273 1692; x_wconf 57' lang='lat' dir='ltr'><strong>&#39;praepotens</strong></span> <span class='ocrx_word' id='word_1_99' title='bbox 1297 1611 1338 1672; x_wconf 88' lang='lat' dir='ltr'><strong>ad</strong></span> 
     </span>
     <span class='ocr_line' id='line_1_14' title="bbox 100 1714 1340 1799; baseline 0.001 -21"><span class='ocrx_word' id='word_1_100' title='bbox 100 1716 293 1797; x_wconf 83' lang='lat' dir='ltr'><strong>effuganda</strong></span> <span class='ocrx_word' id='word_1_101' title='bbox 315 1716 375 1778; x_wconf 91' lang='lat' dir='ltr'><strong>diri</strong></span> <span class='ocrx_word' id='word_1_102' title='bbox 404 1717 567 1798; x_wconf 88' lang='lat' dir='ltr'><strong>serpentis</strong></span> <span class='ocrx_word' id='word_1_103' title='bbox 589 1732 725 1778; x_wconf 90' lang='lat' dir='ltr'><strong>uenena.</strong></span> <span class='ocrx_word' id='word_1_104' title='bbox 757 1714 839 1796; x_wconf 84' lang='lat' dir='ltr'><strong>legis</strong></span> <span class='ocrx_word' id='word_1_105' title='bbox 862 1725 1042 1798; x_wconf 88' lang='lat' dir='ltr'><strong>praecepto</strong></span> <span class='ocrx_word' id='word_1_106' title='bbox 1067 1718 1193 1799; x_wconf 89' lang='lat' dir='ltr'><strong>speeies</strong></span> <span class='ocrx_word' id='word_1_107' title='bbox 1218 1735 1340 1779; x_wconf 91' lang='lat' dir='ltr'><strong>aroma-</strong></span> 
     </span>
     <span class='ocr_line' id='line_1_15' title="bbox 100 1821 1341 1905; baseline 0.001 -20"><span class='ocrx_word' id='word_1_108' title='bbox 100 1834 182 1885; x_wconf 91' lang='lat' dir='ltr'><strong>tum</strong></span> <span class='ocrx_word' id='word_1_109' title='bbox 208 1831 288 1885; x_wconf 89' lang='lat' dir='ltr'><strong>octo</strong></span> <span class='ocrx_word' id='word_1_110' title='bbox 311 1821 458 1886; x_wconf 87' lang='lat' dir='ltr'><strong>delectae</strong></span> <span class='ocrx_word' id='word_1_111' title='bbox 482 1832 566 1898; x_wconf 89' lang='lat' dir='ltr'><strong>sunt,</strong></span> <span class='ocrx_word' id='word_1_112' title='bbox 589 1843 727 1905; x_wconf 87' lang='lat' dir='ltr'><strong>quarum</strong></span> <span class='ocrx_word' id='word_1_113' title='bbox 751 1831 892 1904; x_wconf 89' lang='lat' dir='ltr'><strong>quatuor</strong></span> <span class='ocrx_word' id='word_1_114' title='bbox 912 1823 953 1884; x_wconf 88' lang='lat' dir='ltr'><strong>ad</strong></span> <span class='ocrx_word' id='word_1_115' title='bbox 971 1821 1209 1885; x_wconf 86' lang='lat' dir='ltr'><strong>conficiendum</strong></span> <span class='ocrx_word' id='word_1_116' title='bbox 1226 1826 1341 1886; x_wconf 89' lang='lat' dir='ltr'><strong>sancti·</strong></span> 
     </span>
     <span class='ocr_line' id='line_1_16' title="bbox 66 1929 1340 2013; baseline -0.001 -19"><span class='ocrx_word' id='word_1_117' title='bbox 66 1931 277 1994; x_wconf 71' lang='lat' dir='ltr'><strong>xsficationis</strong></span> <span class='ocrx_word' id='word_1_118' title='bbox 300 1941 511 2013; x_wconf 83' lang='lat' dir='ltr'><strong>unguentum,</strong></span> <span class='ocrx_word' id='word_1_119' title='bbox 535 1933 741 2013; x_wconf 89' lang='lat' dir='ltr'><strong>totidemque</strong></span> <span class='ocrx_word' id='word_1_120' title='bbox 765 1930 809 1993; x_wconf 90' lang='lat' dir='ltr'><strong>ad</strong></span> <span class='ocrx_word' id='word_1_121' title='bbox 825 1929 1050 2011; x_wconf 86' lang='lat' dir='ltr'><strong>thymiamatis</strong></span> <span class='ocrx_word' id='word_1_122' title='bbox 1066 1933 1340 2013; x_wconf 87' lang='lat' dir='ltr'><strong>compositionem</strong></span> 
     </span>
     <span class='ocr_line' id='line_1_17' title="bbox 105 2036 1340 2121; baseline -0.001 -20"><span class='ocrx_word' id='word_1_123' title='bbox 105 2039 323 2121; x_wconf 86' lang='lat' dir='ltr'><strong>deputantur.</strong></span> <span class='ocrx_word' id='word_1_124' title='bbox 354 2047 525 2120; x_wconf 86' lang='lat' dir='ltr'><strong>unguento</strong></span> <span class='ocrx_word' id='word_1_125' title='bbox 554 2037 611 2099; x_wconf 91' lang='lat' dir='ltr'><strong>illo</strong></span> <span class='ocrx_word' id='word_1_126' title='bbox 641 2036 887 2100; x_wconf 89' lang='lat' dir='ltr'><strong>tabernaculum</strong></span> <span class='ocrx_word' id='word_1_127' title='bbox 912 2045 945 2098; x_wconf 90' lang='lat' dir='ltr'><strong>et</strong></span> <span class='ocrx_word' id='word_1_128' title='bbox 970 2038 1079 2099; x_wconf 91' lang='lat' dir='ltr'><strong>omnia</strong></span> <span class='ocrx_word' id='word_1_129' title='bbox 1103 2058 1187 2118; x_wconf 89' lang='lat' dir='ltr'><strong>quae</strong></span> <span class='ocrx_word' id='word_1_130' title='bbox 1211 2039 1252 2100; x_wconf 88' lang='lat' dir='ltr'><strong>ad</strong></span> <span class='ocrx_word' id='word_1_131' title='bbox 1277 2039 1340 2100; x_wconf 92' lang='lat' dir='ltr'><strong>Dei</strong></span> 
     </span>
     <span class='ocr_line' id='line_1_18' title="bbox 108 2142 1340 2225; baseline -0.001 -16"><span class='ocrx_word' id='word_1_132' title='bbox 108 2145 238 2209; x_wconf 90' lang='lat' dir='ltr'><strong>cultum</strong></span> <span class='ocrx_word' id='word_1_133' title='bbox 263 2144 477 2209; x_wconf 82' lang='lat' dir='ltr'><strong>sacrificanda</strong></span> <span class='ocrx_word' id='word_1_134' title='bbox 500 2154 592 2208; x_wconf 90' lang='lat' dir='ltr'><strong>erant</strong></span> <span class='ocrx_word' id='word_1_135' title='bbox 616 2145 832 2225; x_wconf 83' lang='lat' dir='ltr'><strong>ungebantur,</strong></span> <span class='ocrx_word' id='word_1_136' title='bbox 856 2142 1039 2223; x_wconf 89' lang='lat' dir='ltr'><strong>thymiama</strong></span> <span class='ocrx_word' id='word_1_137' title='bbox 1058 2163 1137 2206; x_wconf 88' lang='lat' dir='ltr'><strong>uero</strong></span> <span class='ocrx_word' id='word_1_138' title='bbox 1153 2147 1185 2206; x_wconf 93' lang='lat' dir='ltr'><strong>in</strong></span> <span class='ocrx_word' id='word_1_139' title='bbox 1202 2146 1340 2209; x_wconf 87' lang='lat' dir='ltr'><strong>odorem</strong></span> 
     </span>
     <span class='ocr_line' id='line_1_19' title="bbox 114 2251 1339 2335; baseline -0.001 -19"><span class='ocrx_word' id='word_1_140' title='bbox 114 2253 286 2318; x_wconf 79' lang='lat' dir='ltr'><strong>suauitatis</strong></span> <span class='ocrx_word' id='word_1_141' title='bbox 317 2251 359 2314; x_wconf 88' lang='lat' dir='ltr'><strong>ad</strong></span> <span class='ocrx_word' id='word_1_142' title='bbox 390 2251 587 2335; x_wconf 88' lang='lat' dir='ltr'><strong>placandum</strong></span> <span class='ocrx_word' id='word_1_143' title='bbox 618 2253 726 2314; x_wconf 90' lang='lat' dir='ltr'><strong>Deum</strong></span> <span class='ocrx_word' id='word_1_144' title='bbox 757 2251 882 2314; x_wconf 89' lang='lat' dir='ltr'><strong>adoleri</strong></span> <span class='ocrx_word' id='word_1_145' title='bbox 913 2251 1049 2314; x_wconf 90' lang='lat' dir='ltr'><strong>solebat.</strong></span> <span class='ocrx_word' id='word_1_146' title='bbox 1082 2273 1159 2315; x_wconf 88' lang='lat' dir='ltr'><strong>ecce</strong></span> <span class='ocrx_word' id='word_1_147' title='bbox 1190 2262 1223 2314; x_wconf 89' lang='lat' dir='ltr'><strong>et</strong></span> <span class='ocrx_word' id='word_1_148' title='bbox 1254 2271 1339 2316; x_wconf 90' lang='lat' dir='ltr'><strong>nunc</strong></span> 
     </span>
     <span class='ocr_line' id='line_1_20' title="bbox 115 2359 1340 2442; baseline 0 -18"><span class='ocrx_word' id='word_1_149' title='bbox 115 2371 247 2425; x_wconf 88' lang='lat' dir='ltr'><strong>sacrato</strong></span> <span class='ocrx_word' id='word_1_150' title='bbox 270 2369 451 2442; x_wconf 87' lang='lat' dir='ltr'><strong>martyrum</strong></span> <span class='ocrx_word' id='word_1_151' title='bbox 475 2370 662 2424; x_wconf 90' lang='lat' dir='ltr'><strong>nostrorum</strong></span> <span class='ocrx_word' id='word_1_152' title='bbox 686 2361 859 2424; x_wconf 88' lang='lat' dir='ltr'><strong>octonario</strong></span> <span class='ocrx_word' id='word_1_153' title='bbox 883 2359 1137 2435; x_wconf 92' lang='lat' dir='ltr'><strong>tabernaculum,</strong></span> <span class='ocrx_word' id='word_1_154' title='bbox 1162 2361 1251 2442; x_wconf 93' lang='lat' dir='ltr'><strong>quod</strong></span> <span class='ocrx_word' id='word_1_155' title='bbox 1268 2360 1340 2424; x_wconf 88' lang='lat' dir='ltr'><strong>fixit</strong></span> 
     </span>
     <span class='ocr_line' id='line_1_21' title="bbox 79 2466 1340 2546; baseline -0.002 -12"><span class='ocrx_word' id='word_1_156' title='bbox 79 2469 206 2534; x_wconf 83' lang='lat' dir='ltr'><strong>20Deus</strong></span> <span class='ocrx_word' id='word_1_157' title='bbox 231 2477 265 2531; x_wconf 93' lang='lat' dir='ltr'><strong>et</strong></span> <span class='ocrx_word' id='word_1_158' title='bbox 289 2489 354 2532; x_wconf 92' lang='lat' dir='ltr'><strong>non</strong></span> <span class='ocrx_word' id='word_1_159' title='bbox 371 2468 481 2546; x_wconf 93' lang='lat' dir='ltr'><strong>homo,</strong></span> <span class='ocrx_word' id='word_1_160' title='bbox 505 2468 667 2534; x_wconf 90' lang='lat' dir='ltr'><strong>catholica</strong></span> <span class='ocrx_word' id='word_1_161' title='bbox 683 2468 807 2532; x_wconf 89' lang='lat' dir='ltr'><strong>scilicet</strong></span> <span class='ocrx_word' id='word_1_162' title='bbox 823 2469 961 2532; x_wconf 89' lang='lat' dir='ltr'><strong>ecclesia</strong></span> <span class='ocrx_word' id='word_1_163' title='bbox 977 2466 1163 2545; x_wconf 88' lang='lat' dir='ltr'><strong>illustratur,</strong></span> <span class='ocrx_word' id='word_1_164' title='bbox 1187 2477 1220 2531; x_wconf 88' lang='lat' dir='ltr'><strong>et</strong></span> <span class='ocrx_word' id='word_1_165' title='bbox 1237 2469 1340 2532; x_wconf 88' lang='lat' dir='ltr'><strong>odore</strong></span> 
     </span>
     <span class='ocr_line' id='line_1_22' title="bbox 114 2575 1340 2660; baseline -0.001 -20"><span class='ocrx_word' id='word_1_166' title='bbox 114 2578 308 2641; x_wconf 89' lang='lat' dir='ltr'><strong>suauissimo</strong></span> <span class='ocrx_word' id='word_1_167' title='bbox 339 2578 450 2640; x_wconf 89' lang='lat' dir='ltr'><strong>diuina</strong></span> <span class='ocrx_word' id='word_1_168' title='bbox 479 2580 634 2641; x_wconf 90' lang='lat' dir='ltr'><strong>maiestas</strong></span> <span class='ocrx_word' id='word_1_169' title='bbox 656 2577 815 2660; x_wconf 85' lang='lat' dir='ltr'><strong>placatur.</strong></span> <span class='ocrx_word' id='word_1_170' title='bbox 849 2575 899 2639; x_wconf 90' lang='lat' dir='ltr'><strong>his</strong></span> <span class='ocrx_word' id='word_1_171' title='bbox 922 2577 1067 2639; x_wconf 88' lang='lat' dir='ltr'><strong>imbutae</strong></span> <span class='ocrx_word' id='word_1_172' title='bbox 1092 2575 1340 2639; x_wconf 89' lang='lat' dir='ltr'><strong>charismatibus</strong></span> 
     </span>
     <span class='ocr_line' id='line_1_23' title="bbox 118 2683 1340 2765; baseline -0.001 -18"><span class='ocrx_word' id='word_1_173' title='bbox 118 2686 159 2747; x_wconf 86' lang='lat' dir='ltr'><strong>ad</strong></span> <span class='ocrx_word' id='word_1_174' title='bbox 191 2684 322 2749; x_wconf 91' lang='lat' dir='ltr'><strong>culmen</strong></span> <span class='ocrx_word' id='word_1_175' title='bbox 357 2683 551 2747; x_wconf 89' lang='lat' dir='ltr'><strong>filicissimae</strong></span> <span class='ocrx_word' id='word_1_176' title='bbox 586 2686 803 2759; x_wconf 90' lang='lat' dir='ltr'><strong>ascensionis,</strong></span> <span class='ocrx_word' id='word_1_177' title='bbox 838 2704 923 2765; x_wconf 91' lang='lat' dir='ltr'><strong>quae</strong></span> <span class='ocrx_word' id='word_1_178' title='bbox 957 2684 1035 2746; x_wconf 89' lang='lat' dir='ltr'><strong>item</strong></span> <span class='ocrx_word' id='word_1_179' title='bbox 1071 2692 1149 2746; x_wconf 91' lang='lat' dir='ltr'><strong>octo</strong></span> <span class='ocrx_word' id='word_1_180' title='bbox 1184 2685 1340 2765; x_wconf 81' lang='lat' dir='ltr'><strong>gradibus</strong></span> 
     </span>
     <span class='ocr_line' id='line_1_24' title="bbox 121 2792 1341 2875; baseline -0.001 -21"><span class='ocrx_word' id='word_1_181' title='bbox 121 2792 314 2875; x_wconf 84' lang='lat' dir='ltr'><strong>euangelicis</strong></span> <span class='ocrx_word' id='word_1_182' title='bbox 349 2793 560 2867; x_wconf 90' lang='lat' dir='ltr'><strong>describitur,</strong></span> <span class='ocrx_word' id='word_1_183' title='bbox 595 2794 791 2872; x_wconf 90' lang='lat' dir='ltr'><strong>quantocius</strong></span> <span class='ocrx_word' id='word_1_184' title='bbox 827 2799 1019 2873; x_wconf 89' lang='lat' dir='ltr'><strong>properate,</strong></span> <span class='ocrx_word' id='word_1_185' title='bbox 1057 2793 1164 2873; x_wconf 91' lang='lat' dir='ltr'><strong>ipsum</strong></span> <span class='ocrx_word' id='word_1_186' title='bbox 1199 2793 1254 2872; x_wconf 93' lang='lat' dir='ltr'><strong>qui</strong></span> <span class='ocrx_word' id='word_1_187' title='bbox 1289 2793 1341 2853; x_wconf 94' lang='lat' dir='ltr'><strong>uia</strong></span> 
     </span>
     <span class='ocr_line' id='line_1_25' title="bbox 116 2896 1340 2979; baseline -0.004 -16"><span class='ocrx_word' id='word_1_188' title='bbox 116 2910 304 2963; x_wconf 87' lang='lat' dir='ltr'><strong>sanctorum</strong></span> <span class='ocrx_word' id='word_1_189' title='bbox 330 2899 476 2960; x_wconf 94' lang='lat' dir='ltr'><strong>omnium</strong></span> <span class='ocrx_word' id='word_1_190' title='bbox 499 2906 550 2960; x_wconf 90' lang='lat' dir='ltr'><strong>est</strong></span> <span class='ocrx_word' id='word_1_191' title='bbox 574 2898 728 2960; x_wconf 89' lang='lat' dir='ltr'><strong>obnixius</strong></span> <span class='ocrx_word' id='word_1_192' title='bbox 752 2897 979 2979; x_wconf 82' lang='lat' dir='ltr'><strong>efflagitantes,</strong></span> <span class='ocrx_word' id='word_1_193' title='bbox 1007 2907 1042 2960; x_wconf 92' lang='lat' dir='ltr'><strong>ut</strong></span> <span class='ocrx_word' id='word_1_194' title='bbox 1066 2905 1099 2960; x_wconf 91' lang='lat' dir='ltr'><strong>et</strong></span> <span class='ocrx_word' id='word_1_195' title='bbox 1122 2918 1175 2959; x_wconf 90' lang='lat' dir='ltr'><strong>me</strong></span> <span class='ocrx_word' id='word_1_196' title='bbox 1198 2896 1275 2959; x_wconf 92' lang='lat' dir='ltr'><strong>licet</strong></span> <span class='ocrx_word' id='word_1_197' title='bbox 1297 2899 1340 2959; x_wconf 92' lang='lat' dir='ltr'><strong>in·</strong></span> 
     </span>
     <span class='ocr_line' id='line_1_26' title="bbox 80 3005 1340 3089; baseline 0 -22"><span class='ocrx_word' id='word_1_198' title='bbox 80 3030 103 3067; x_wconf 61' lang='grc' dir='ltr'><strong>τε</strong></span> <span class='ocrx_word' id='word_1_199' title='bbox 111 3009 251 3089; x_wconf 82' lang='lat' dir='ltr'><strong>dignum</strong></span> <span class='ocrx_word' id='word_1_200' title='bbox 283 3007 453 3069; x_wconf 90' lang='lat' dir='ltr'><strong>comitatui</strong></span> <span class='ocrx_word' id='word_1_201' title='bbox 483 3014 595 3068; x_wconf 87' lang='lat' dir='ltr'><strong>uestro</strong></span> <span class='ocrx_word' id='word_1_202' title='bbox 625 3006 751 3068; x_wconf 91' lang='lat' dir='ltr'><strong>sociare</strong></span> <span class='ocrx_word' id='word_1_203' title='bbox 781 3006 944 3086; x_wconf 84' lang='lat' dir='ltr'><strong>dignetur.</strong></span> <span class='ocrx_word' id='word_1_204' title='bbox 978 3005 1116 3068; x_wconf 85' lang='lat' dir='ltr'><strong>decursa</strong></span> <span class='ocrx_word' id='word_1_205' title='bbox 1138 3024 1218 3067; x_wconf 90' lang='lat' dir='ltr'><strong>vero</strong></span> <span class='ocrx_word' id='word_1_206' title='bbox 1237 3018 1340 3087; x_wconf 79' lang='lat' dir='ltr'><strong>&#39;supra</strong></span> 
     </span>
     <span class='ocr_line' id='line_1_27' title="bbox 108 3112 1340 3197; baseline -0.003 -18"><span class='ocrx_word' id='word_1_207' title='bbox 108 3116 195 3179; x_wconf 89' lang='lat' dir='ltr'><strong>dicti</strong></span> <span class='ocrx_word' id='word_1_208' title='bbox 227 3114 374 3197; x_wconf 90' lang='lat' dir='ltr'><strong>opusculi</strong></span> <span class='ocrx_word' id='word_1_209' title='bbox 405 3114 504 3190; x_wconf 90' lang='lat' dir='ltr'><strong>serie,</strong></span> <span class='ocrx_word' id='word_1_210' title='bbox 533 3114 566 3175; x_wconf 92' lang='lat' dir='ltr'><strong>in</strong></span> <span class='ocrx_word' id='word_1_211' title='bbox 590 3133 656 3194; x_wconf 90' lang='lat' dir='ltr'><strong>qua</strong></span> <span class='ocrx_word' id='word_1_212' title='bbox 677 3112 720 3175; x_wconf 87' lang='lat' dir='ltr'><strong>ad</strong></span> <span class='ocrx_word' id='word_1_213' title='bbox 744 3120 804 3173; x_wconf 86' lang='lat' dir='ltr'><strong>eos</strong></span> <span class='ocrx_word' id='word_1_214' title='bbox 827 3112 883 3191; x_wconf 93' lang='lat' dir='ltr'><strong>qui</strong></span> <span class='ocrx_word' id='word_1_215' title='bbox 906 3112 1075 3173; x_wconf 87' lang='lat' dir='ltr'><strong>materiam</strong></span> <span class='ocrx_word' id='word_1_216' title='bbox 1099 3122 1340 3195; x_wconf 88' lang='lat' dir='ltr'><strong>proposuerant</strong></span> 
     </span>
     <span class='ocr_line' id='line_1_28' title="bbox 106 3218 1339 3303; baseline -0.003 -17"><span class='ocrx_word' id='word_1_217' title='bbox 106 3223 226 3287; x_wconf 87' lang='lat' dir='ltr'><strong>stilum</strong></span> <span class='ocrx_word' id='word_1_218' title='bbox 249 3231 378 3285; x_wconf 89' lang='lat' dir='ltr'><strong>uertere</strong></span> <span class='ocrx_word' id='word_1_219' title='bbox 401 3221 555 3303; x_wconf 80' lang='lat' dir='ltr'><strong>cogebar,</strong></span> <span class='ocrx_word' id='word_1_220' title='bbox 571 3220 664 3284; x_wconf 88' lang='lat' dir='ltr'><strong>hanc</strong></span> <span class='ocrx_word' id='word_1_221' title='bbox 687 3219 777 3283; x_wconf 91' lang='lat' dir='ltr'><strong>uelut</strong></span> <span class='ocrx_word' id='word_1_222' title='bbox 796 3218 1073 3300; x_wconf 87' lang='lat' dir='ltr'><strong>recapitulationis</strong></span> <span class='ocrx_word' id='word_1_223' title='bbox 1089 3219 1262 3301; x_wconf 88' lang='lat' dir='ltr'><strong>epistolam</strong></span> <span class='ocrx_word' id='word_1_224' title='bbox 1279 3241 1339 3302; x_wconf 88' lang='lat' dir='ltr'><strong>pro</strong></span> 
     </span>
     <span class='ocr_line' id='line_1_29' title="bbox 105 3314 1339 3411; baseline -0.004 -17"><span class='ocrx_word' id='word_1_225' title='bbox 105 3339 227 3394; x_wconf 87' lang='lat' dir='ltr'><strong>uestra</strong></span> <span class='ocrx_word' id='word_1_226' title='bbox 249 3329 382 3411; x_wconf 89' lang='lat' dir='ltr'><strong>speciali</strong></span> <span class='ocrx_word' id='word_1_227' title='bbox 405 3327 580 3391; x_wconf 90' lang='lat' dir='ltr'><strong>dilectione</strong></span> <span class='ocrx_word' id='word_1_228' title='bbox 604 3327 801 3408; x_wconf 80' lang='lat' dir='ltr'><strong>subiungere</strong></span> <span class='ocrx_word' id='word_1_229' title='bbox 826 3314 951 3401; x_wconf 86' lang='lat' dir='ltr'><strong>curaui,</strong></span> <span class='ocrx_word' id='word_1_230' title='bbox 983 3335 1018 3389; x_wconf 92' lang='lat' dir='ltr'><strong>ut</strong></span> <span class='ocrx_word' id='word_1_231' title='bbox 1042 3347 1103 3408; x_wconf 89' lang='lat' dir='ltr'><strong>pro</strong></span> <span class='ocrx_word' id='word_1_232' title='bbox 1127 3335 1220 3409; x_wconf 89' lang='lat' dir='ltr'><strong>parte</strong></span> <span class='ocrx_word' id='word_1_233' title='bbox 1245 3327 1339 3389; x_wconf 86' lang='lat' dir='ltr'><strong>uobis</strong></span> 
     </span>
     <span class='ocr_line' id='line_1_30' title="bbox 106 3434 1339 3521; baseline -0.004 -20"><span class='ocrx_word' id='word_1_234' title='bbox 106 3440 276 3521; x_wconf 87' lang='lat' dir='ltr'><strong>deputata</strong></span> <span class='ocrx_word' id='word_1_235' title='bbox 310 3445 416 3498; x_wconf 88' lang='lat' dir='ltr'><strong>totum</strong></span> <span class='ocrx_word' id='word_1_236' title='bbox 451 3435 510 3496; x_wconf 89' lang='lat' dir='ltr'><strong>iuri</strong></span> <span class='ocrx_word' id='word_1_237' title='bbox 544 3435 680 3516; x_wconf 89' lang='lat' dir='ltr'><strong>proprio</strong></span> <span class='ocrx_word' id='word_1_238' title='bbox 711 3434 898 3508; x_wconf 82' lang='lat' dir='ltr'><strong>uindicetis,</strong></span> <span class='ocrx_word' id='word_1_239' title='bbox 933 3440 1040 3494; x_wconf 90' lang='lat' dir='ltr'><strong>totum</strong></span> <span class='ocrx_word' id='word_1_240' title='bbox 1072 3434 1269 3515; x_wconf 88' lang='lat' dir='ltr'><strong>possideatis</strong></span> <span class='ocrx_word' id='word_1_241' title='bbox 1301 3454 1339 3497; x_wconf 89' lang='lat' dir='ltr'><strong>ac</strong></span> 
     </span>
     <span class='ocr_line' id='line_1_31' title="bbox 69 3538 1338 3621; baseline -0.006 -12"><span class='ocrx_word' id='word_1_242' title='bbox 69 3577 95 3615; x_wconf 75' lang='lat'><strong>³0</strong></span> <span class='ocrx_word' id='word_1_243' title='bbox 106 3544 301 3610; x_wconf 86' lang='lat' dir='ltr'><strong>defendatis</strong></span> <span class='ocrx_word' id='word_1_244' title='bbox 325 3544 366 3606; x_wconf 89' lang='lat' dir='ltr'><strong>ad</strong></span> <span class='ocrx_word' id='word_1_245' title='bbox 391 3542 522 3605; x_wconf 90' lang='lat' dir='ltr'><strong>laudem</strong></span> <span class='ocrx_word' id='word_1_246' title='bbox 547 3543 679 3604; x_wconf 91' lang='lat' dir='ltr'><strong>Domini</strong></span> <span class='ocrx_word' id='word_1_247' title='bbox 703 3542 808 3603; x_wconf 88' lang='lat' dir='ltr'><strong>nostri</strong></span> <span class='ocrx_word' id='word_1_248' title='bbox 831 3540 903 3603; x_wconf 89' lang='lat' dir='ltr'><strong>Iesu</strong></span> <span class='ocrx_word' id='word_1_249' title='bbox 922 3538 1050 3615; x_wconf 90' lang='lat' dir='ltr'><strong>Christi,</strong></span> <span class='ocrx_word' id='word_1_250' title='bbox 1074 3542 1128 3621; x_wconf 93' lang='lat' dir='ltr'><strong>qui</strong></span> <span class='ocrx_word' id='word_1_251' title='bbox 1153 3562 1226 3604; x_wconf 91' lang='lat' dir='ltr'><strong>cum</strong></span> <span class='ocrx_word' id='word_1_252' title='bbox 1243 3542 1338 3603; x_wconf 89' lang='lat' dir='ltr'><strong>Patre</strong></span> 
     </span>
     <span class='ocr_line' id='line_1_32' title="bbox 108 3647 1118 3735; baseline -0.007 -18"><span class='ocrx_word' id='word_1_253' title='bbox 108 3664 148 3717; x_wconf 89' lang='lat' dir='ltr'><strong>et</strong></span> <span class='ocrx_word' id='word_1_254' title='bbox 174 3652 296 3735; x_wconf 90' lang='lat' dir='ltr'><strong>Spiritu</strong></span> <span class='ocrx_word' id='word_1_255' title='bbox 320 3660 435 3712; x_wconf 88' lang='lat' dir='ltr'><strong>sancto</strong></span> <span class='ocrx_word' id='word_1_256' title='bbox 458 3650 538 3711; x_wconf 93' lang='lat' dir='ltr'><strong>uiuit</strong></span> <span class='ocrx_word' id='word_1_257' title='bbox 561 3658 595 3711; x_wconf 92' lang='lat' dir='ltr'><strong>et</strong></span> <span class='ocrx_word' id='word_1_258' title='bbox 619 3657 736 3730; x_wconf 86' lang='lat' dir='ltr'><strong>regnat</strong></span> <span class='ocrx_word' id='word_1_259' title='bbox 759 3650 791 3710; x_wconf 92' lang='lat' dir='ltr'><strong>in</strong></span> <span class='ocrx_word' id='word_1_260' title='bbox 815 3648 952 3711; x_wconf 88' lang='lat' dir='ltr'><strong>saecula.</strong></span> <span class='ocrx_word' id='word_1_261' title='bbox 1000 3647 1118 3710; x_wconf 79' lang='lat' dir='ltr'><strong>Amen.</strong></span> 
     </span>
    </p>
   </div>
   <div class='ocr_carea' id='block_1_3' title="bbox 0 0 1589 5025">
    <p class='ocr_par' dir='ltr' id='par_1_3' title="bbox 0 0 1589 5025">
     <span class='ocr_line' id='line_1_33' title="bbox 0 0 1589 5025; baseline 0 0"><span class='ocrx_word' id='word_1_262' title='bbox 0 0 1589 5025; x_wconf 95' lang='lat' dir='ltr'><strong> </strong></span> 
     </span>
    </p>
   </div>
  </div>
 </body>
</html>
