3167 5025
1284 240 1327 302 99

91 417 236 504 spzir'tu:
257 421 291 482 in
315 430 510 503 paupertate
534 421 633 483 etiarn
650 421 722 504 ipsa
738 442 850 484 eorum
868 443 943 484 ossa
960 407 1166 504 quieueiunt;
1192 431 1326 502 surgent

91 515 183 607 ergo
216 529 351 590 tandem
376 538 410 591 et
432 529 659 592 inaestimabili
683 530 868 591 diuitiarum
893 530 1092 591 abundantia
1112 527 1325 610 perfruentur.

90 635 248 696 laudabit
271 633 481 699 fortissimam
509 636 594 700 hanc
617 637 785 700 mulierem
809 639 907 700 etiarn
931 638 1001 720 ipse
1026 639 1074 698 uir
1097 638 1181 712 eiuS,
1212 637 1326 700 uidens

90 763 174 804 eam
209 763 284 806 curn
318 751 412 806 tanta
444 744 646 808 beatitudine
681 744 820 808 filiorum
855 745 991 808 diuitum
1023 746 1055 806 in
1089 745 1326 806 resurrectione

69 858 315 914 smortuorum.
339 851 485 915 laudabit
509 873 582 915 eam
606 855 638 915 in
662 854 737 927 suiS,
760 852 907 916 laudabit
931 861 964 916 et
988 854 1021 915 in
1044 851 1181 915 filiorum
1203 851 1326 933 prosec-

92 958 203 1031 tibus,
238 966 307 1022 tam
341 958 538 1022 laudabilem
564 961 753 1029 ostendens,
787 981 873 1043 quae
908 961 1008 1044 digna
1042 960 1083 1022 sit
1115 960 1220 1042 ipsum
1252 979 1325 1020 curn

90 1064 227 1148 angelis
250 1076 284 1128 et
307 1067 431 1130 sanctis
454 1067 606 1132 omnibus
629 1066 825 1132 collaudare.

495 1297 804 1364 CAPITVLVM
832 1301 931 1363 XXI.

428 1445 549 1507 Laus
582 1445 634 1507 ab
666 1445 998 1507 inferioribus.

204 1603 334 1666 Multae
358 1603 457 1686 filiae
489 1615 762 1686 congregarremnt
794 1604 949 1668 diuitias:
988 1615 1021 1666 tu
1056 1616 1259 1686 supergressa
1294 1626 1326 1665 es

91 1711 276 1773 unzioersas.
316 1709 399 1773 Cum
423 1719 491 1774 tani
516 1713 657 1776 iucunda
680 1714 722 1774 sit
746 1712 856 1786 nobie,
884 1732 983 1793 quarn
1007 1713 1039 1773 in
1063 1713 1227 1794 praesenti
1252 1732 1325 1774 con·

92 1819 246 1894 serimus,
277 1818 395 1882 beatae
419 1819 597 1882 Felicitatis
627 1820 789 1883 laudatio:
821 1841 920 1901 quarn
952 1819 1144 1883 sollemnem
1172 1829 1325 1900 putamus

93 1927 193 2001 illam,
218 1946 306 2008 quae
329 1947 348 1988 a
372 1925 444 1989 filiis
467 1927 497 1988 ei
520 1926 672 2001 defertur,
697 1927 739 1990 de
763 1949 829 2009 qua
844 1949 944 2010 supra
959 1927 1083 1990 dictum
1099 1935 1159 2001 est,
1183 1936 1325 2008 quantae

94 2056 175 2098 uero
202 2033 420 2098 excellentiae
444 2034 537 2108 hanc,
561 2054 646 2117 quae
662 2056 682 2098 a
698 2036 768 2098 uiro
792 2036 968 2116 dignanter
983 2036 1090 2098 eidem
1107 2032 1325 2116 impenditur?

68 2143 270 2224 1squomodo
295 2142 497 2217 audiremus,
528 2144 555 2204 si
579 2142 690 2205 audire
714 2162 904 2224 possemus,
935 2144 1018 2206 sicut
1041 2141 1153 2206 laudat
1180 2163 1253 2206 earn
1277 2145 1347 2231 uirx

103 2250 184 2314 eius?
219 2251 248 2312 si
278 2251 390 2312 audire
423 2250 660 2314 concederetur
686 2251 898 2313 candidatum
921 2251 1010 2312 illum
1034 2260 1221 2313 sanctorum
1246 2271 1325 2312 mar·

104 2365 209 2438 tyrum
226 2355 374 2431 chorum,
398 2358 453 2439 qui
477 2357 615 2420 filiorum
639 2357 871 2438 eiusJanuarii,
894 2357 1021 2432 Felicis,
1045 2357 1193 2440 Philippi,
1216 2357 1325 2432 Silani,

101 2466 301 2540 Alexandri,
325 2464 461 2541 Vitalis,
492 2464 671 2540 MarcialiS,
702 2465 909 2550 septemplici
938 2475 1100 2531 concentu
1130 2466 1324 2545 adornatur;

101 2596 165 2656 quo
199 2574 353 2637 desiderii
384 2576 502 2638 ardore
534 2595 592 2637 cor
622 2583 771 2637 nostrum
804 2574 1074 2649 inflammaretur,
1109 2584 1145 2637 ut
1179 2575 1325 2637 eiusdem

74 2683 266 2763 mpraeconii
301 2683 503 2743 consortium
539 2682 675 2762 adipisci
710 2680 929 2745 mereremur?
964 2682 1023 2744 sed
1058 2682 1213 2763 quoniam
1248 2690 1324 2743 ante

109 2790 346 2853 resurrectionis
370 2788 525 2869 gloriam,
556 2790 640 2851 sicut
663 2798 730 2862 est,
761 2789 942 2871 optabilem
966 2788 1050 2852 hanc
1079 2809 1196 2851 uocem
1220 2788 1324 2851 laudis

109 2897 211 2959 audire
235 2916 302 2959 non
326 2916 518 2978 possumus,
549 2915 634 2958 nunc
659 2897 787 2960 interim
812 2898 981 2977 quoddam
1013 2898 1081 2959 eius
1106 2898 1258 2959 indicium
1283 2897 1324 2959 ab

102 3006 182 3086 ipso,
204 3005 261 3087 qui
285 3013 319 3066 et
342 3014 420 3067 tunc
443 3004 568 3067 electos
582 3004 737 3078 laudabit,
760 3026 781 3067 a
796 3005 915 3085 quibus
930 3004 1123 3079 laudabitur,
1147 3006 1323 3067 audiamus.

97 3113 235 3184 multae,
267 3112 387 3193 inquit,
409 3111 508 3193 filtize
534 3122 805 3191 congregamur
825 3111 980 3173 diuitias:
1011 3122 1045 3173 tu
1067 3123 1269 3193 supergressa
1293 3132 1326 3173 es

65 3224 277 3285 2sunz'uersa5.
302 3238 418 3282 omnes
441 3217 585 3281 fidelium
608 3219 736 3281 animae
761 3217 943 3283 catholicae
967 3218 1124 3281 ecclesiae
1141 3227 1216 3280 sunt
1232 3217 1324 3291 filiae,

95 3350 185 3411 quae
209 3329 308 3389 etiam
331 3326 393 3388 sub
417 3324 608 3406 euangelica
630 3324 789 3407 parabola
813 3326 993 3407 prudentes
1017 3326 1158 3405 uirgines
1174 3326 1326 3387 dicuntur

94 3449 127 3501 et
153 3436 282 3498 fatuae:
312 3434 395 3497 filiae
418 3433 496 3515 quia
518 3434 732 3496 sacramentis
756 3432 985 3496 ecclesiasticis
1008 3442 1150 3507 renatae,
1174 3433 1325 3513 uirgines

94 3544 257 3627 quoniam
280 3543 322 3605 ab
346 3540 463 3604 illicitis
486 3540 724 3603 continentse.
751 3542 810 3603 sed
836 3539 920 3603 filiae
944 3539 1081 3614 multae,
1112 3559 1248 3621 quarum
1273 3538 1325 3601 hic

94 3652 234 3715 diuitiae
258 3655 565 3720 commemorantur,
589 3648 731 3728 uirgines
755 3656 832 3710 sunt
855 3648 979 3711 fatuae:
1004 3647 1087 3710 filiae
1110 3668 1177 3709 non
1197 3666 1324 3709 morum

63 3758 282 3824 nimitatione
306 3757 365 3818 sed
389 3762 669 3817 sacramentorum
692 3754 918 3832 similitudine;
947 3755 1098 3835 uirgines,
1122 3754 1198 3835 quia
1221 3774 1324 3833 aeque

96 3875 132 3927 ut
168 3862 348 3945 prudentes
379 3861 598 3924 continentiae
630 3880 766 3942 operam
791 3862 869 3925 dare
894 3862 1061 3938 uidentur;
1093 3861 1218 3935 fatuae,
1249 3861 1326 3941 quia

97 3972 288 4036 interiorem
321 3969 444 4032 fructus
477 3989 543 4032 non
575 3966 736 4030 habentes
770 3967 976 4031 dulcedinem
1008 3968 1113 4031 solum
1146 3967 1325 4031 forinsecus

98 4086 270 4142 ostentant
294 4076 417 4139 florem.
441 4075 561 4139 multae
585 4083 668 4149 sunt,
692 4076 768 4156 quia
790 4074 1024 4157 multiplicatae
1041 4096 1139 4157 super
1154 4094 1324 4138 numerum

99 4188 144 4249 ad
168 4186 369 4269 paucitatem
393 4204 460 4246 non
484 4185 647 4265 pertinent
671 4184 866 4260 electorum;
891 4203 957 4245 non
981 4184 1023 4245 ad
1048 4204 1145 4245 unam
1163 4182 1258 4255 illam,
1281 4182 1323 4243 de

66 4322 90 4358 ³⁵
101 4314 169 4375 qua
197 4294 231 4355 in
261 4294 390 4356 cantico
421 4292 623 4354 canticorum
653 4292 786 4355 dicitur:
818 4312 883 4353 una
912 4301 959 4353 est
980 4290 1123 4353 columba
1146 4310 1225 4351 mea
1256 4309 1324 4349 cuu-

213 4448 234 4488 1.
255 4437 317 4488 liat.
339 4446 362 4502 5,
383 4447 407 4501 3.
427 4462 463 4471 -
482 4445 523 4496 27.
545 4434 619 4484 Conf.
641 4435 703 4484 Mat.
725 4444 766 4500 ²5·
787 4460 822 4469 -
841 4443 883 4497 35.
904 4435 976 4483 Cant.
997 4429 1021 4493 6,
1041 4431 1065 4481 8.
1147 4500 1182 4564 7*
