3167 5025
1267 221 1308 288 93

72 394 241 466 maritum
273 415 307 468 et
339 404 512 467 moechum
546 406 673 487 operire
705 425 770 467 non
807 404 982 487 praeualet.
1021 403 1119 486 igitur
1151 426 1171 467 o
1205 406 1312 466 anima
1343 378 1348 396 Ι

72 511 201 586 fidelis,
225 533 310 592 quae
333 533 457 595 sponsa
480 533 554 574 mea
577 513 702 587 diceris
734 514 761 575 si
784 514 866 575 meis
890 511 1118 595 complexibus
1143 513 1190 574 uis
1215 533 1312 594 copu-

72 621 145 692 lari,
175 619 272 683 abice
295 619 488 693 adulterum,
513 621 539 680 si
563 619 686 682 habere
710 621 803 702 cupis
827 621 990 696 decorem,
1014 620 1111 682 indue
1135 619 1228 682 simul
1252 617 1312 681 for·

72 727 269 790 titudinem.
293 747 360 789 non
384 728 471 790 enim
494 726 572 789 mihi
596 749 656 809 per
678 727 834 791 decorem
858 727 934 791 fidei
950 728 1079 811 placere
1095 728 1228 810 poteris
1252 727 1312 788 nisi

55 837 185 896 setiam
212 836 251 910 ei,
274 836 329 916 qui
352 857 397 898 ex
420 835 561 897 aduerso
577 844 637 910 est,
660 855 719 917 per
735 834 959 898 fortitudinem
976 836 1141 909 restiteris
1165 834 1311 916 eoquod

79 963 135 1026 per
163 942 255 1005 illius
279 944 454 1005 amicitiam
477 941 620 1005 foederis
643 944 707 1004 mei
730 952 865 1025 pactum
889 943 1069 1006 uiolaueris
1101 962 1213 1006 uerum
1237 941 1314 1022 quia

77 1072 145 1114 non
184 1053 257 1114 sine
290 1051 382 1133 graui
405 1052 582 1113 certamine
616 1053 798 1133 praesentis
829 1051 916 1113 uitae
947 1059 1015 1114 tam
1040 1052 1219 1133 pretiosum
1248 1047 1312 1121 hoc

76 1159 286 1222 fortitudinis
317 1167 351 1221 et
382 1159 511 1222 decoris
541 1159 767 1220 indumentum
799 1159 922 1220 texitur
954 1168 987 1220 et
1012 1158 1192 1232 obtinetur,
1224 1164 1312 1219 recte

76 1267 319 1348 subsequentis
354 1266 477 1328 laetitia
511 1265 732 1328 retributionis
767 1266 971 1346 adiungitur,
1006 1286 1079 1329 cum
1115 1265 1247 1328 dicitur:
1285 1273 1316 1326 et

48 1374 205 1438 wn'debz't
242 1374 276 1435 in
310 1372 364 1435 die
397 1373 577 1435 rzoutrsirno.
617 1373 701 1435 sicut
735 1374 893 1455 scriptum
928 1381 994 1434 est:
1034 1373 1110 1454 quia
1144 1371 1317 1435 inclinauit

78 1483 206 1553 caelos,
231 1491 262 1543 et
283 1480 456 1553 descendit,
479 1481 664 1543 diuinorum
688 1479 893 1562 eloquiorum
917 1481 1056 1543 altitudo
1081 1479 1229 1543 caelestis
1253 1499 1314 1562 pro

79 1590 273 1672 capacitate
308 1588 470 1651 humanae
504 1587 701 1651 infirmitatis
735 1588 986 1670 quodammodo
1024 1587 1240 1665 submittitur,
1279 1597 1314 1650 ut

80 1718 203 1759 sensus
235 1699 338 1759 nostri
368 1697 506 1758 tarditas
537 1696 580 1758 ad
610 1696 693 1758 illius
722 1696 957 1758 sublimitatem
981 1694 1138 1777 paulatim
1162 1696 1313 1776 erigatur.

80 1808 162 1887 quia
186 1805 275 1866 enim
299 1805 381 1866 risus
405 1803 596 1886 temporalis
619 1805 730 1884 gaudii
753 1813 804 1866 est
828 1804 996 1879 indicium,
1021 1804 1062 1866 ad
1086 1804 1313 1866 insinuandam

52 1943 72 1976 ιε
83 1923 243 1974 aeternae
259 1909 343 1973 illius
359 1912 567 1974 iucunditatis
584 1910 791 1974 dulcedinem
812 1912 924 1994 typice
948 1912 1088 1994 ponitur,
1112 1930 1186 1972 cum
1203 1918 1314 1972 tamen

84 2020 222 2084 iubilum
256 2019 334 2081 illud
368 2020 564 2082 laudationis
596 2019 725 2081 diuinae
760 2020 825 2082 risu
860 2039 1067 2101 nequaquam
1102 2017 1313 2080 intermisceri

90 2128 209 2203 soleat,
243 2126 303 2188 sed
327 2126 472 2207 quodam
496 2127 698 2187 reuerentiae
722 2126 824 2188 modo
847 2125 944 2188 nobis
967 2126 1136 2206 incognito
1167 2145 1313 2187 summae

97 2243 196 2296 autem
222 2234 386 2295 maiestati
415 2233 647 2295 decentissimo
670 2231 735 2295 fiat.
766 2233 885 2296 ridebit
910 2254 991 2315 ergo
1020 2243 1124 2296 mater
1146 2234 1209 2295 ista
1240 2253 1313 2294 cum

98 2341 169 2418 filiis,
190 2344 296 2404 immo
319 2355 393 2402 cum
414 2340 539 2421 angelis
563 2348 597 2402 et
620 2340 771 2404 omnibus
796 2343 926 2416 sanctis
951 2361 1024 2404 cum
1048 2340 1145 2423 plene
1160 2359 1313 2402 resonare

62 2451 236 2535 20coeperit
260 2449 293 2512 in
316 2448 534 2513 tabernaculis
557 2449 717 2512 iustorum
741 2469 810 2513 uox
835 2449 1046 2513 exultationis
1070 2457 1103 2513 et
1127 2447 1246 2512 salutis

473 2680 782 2745 CAPITVLVM
811 2682 931 2745 XVII.

537 2828 632 2887 Laus
656 2845 675 2888 a
699 2827 866 2889 doctrina.

201 2987 245 3049 Os
269 3007 362 3048 suum
386 2986 513 3066 aperuit
533 2986 716 3067 saptentiae.
755 2988 932 3049 Famosam
958 2988 1122 3067 quandam
1147 2986 1314 3049 mulierem

88 3095 280 3175 euangelica
303 3094 474 3176 praedicat
497 3093 604 3169 lectio,
628 3114 712 3175 quae
736 3093 892 3175 loquente
908 3094 984 3175 Jesu
1008 3095 1051 3157 ad
1074 3093 1186 3157 turbas
1210 3095 1314 3157 extol·

55 3224 76 3259 τε
85 3200 158 3263 lens
182 3221 300 3263 uocem
324 3202 366 3264 de
400 3201 510 3263 medio
542 3201 710 3263 turbarum
741 3201 900 3284 populare
928 3220 1073 3264 murmur
1102 3203 1314 3283 compescuit,

85 3320 118 3372 et
144 3311 187 3373 ad
212 3310 281 3371 eius
305 3307 435 3372 laudem
460 3307 511 3370 uel
534 3308 719 3371 auditorum
736 3308 998 3373 aedificationem
1014 3329 1162 3371 ossuum
1179 3311 1313 3392 aperuit.

83 3437 165 3481 ecce
190 3415 244 3479 hic
267 3415 382 3478 mulier
405 3417 492 3498 ipsa,
519 3416 621 3477 immo
645 3417 750 3479 maior
773 3416 907 3481 muliere
932 3416 1000 3492 illa,
1024 3416 1177 3479 Felicitas
1200 3416 1315 3479 mulier

81 3525 274 3587 fortissima.
305 3522 388 3585 illius
420 3523 651 3585 tantummodo
683 3545 800 3587 uocem
832 3524 1035 3605 euangelista
1067 3535 1313 3599 commemorat,

80 3633 182 3695 huius
212 3630 390 3713 gloriosam
422 3630 707 3693 conuersationem
731 3639 765 3693 et
789 3632 999 3693 uictoriosam
1023 3633 1210 3713 passionem
1242 3641 1314 3695 tota

51 3761 147 3824 svper
171 3738 286 3800 orbem
310 3746 469 3799 terrarum
493 3735 632 3798 ecclesia
647 3735 840 3799 conclamat.
864 3737 946 3800 haec
962 3740 1048 3800 enim
1065 3739 1169 3801 multo
1186 3739 1313 3802 clariori

79 3866 171 3909 uoce
195 3844 455 3926 obstrepentium
479 3844 592 3906 turbas
616 3845 853 3925 cogitationum
877 3846 1131 3929 interrumpens
1154 3868 1189 3909 os
1210 3868 1312 3919 suum,

80 3977 123 4017 os
150 3953 268 4027 cordia,
291 3952 419 4033 aperuit
438 3952 621 4033 saptentiae.
646 3953 723 4032 quid
747 3951 801 4014 illa
825 3952 973 4015 dixerat?
997 3952 1104 4016 beatus
1120 3964 1234 4025 uenter,
1257 3955 1315 4035 qui

81 4074 111 4124 te
132 4060 294 4143 portauit,
318 4069 349 4120 et
369 4058 480 4131 ubera,
510 4080 592 4140 quae
613 4058 740 4121 sulerti.
772 4059 961 4139 dignissime
985 4062 1084 4142 igitur
1107 4069 1211 4123 mater
1234 4060 1312 4123 felix

81 4167 242 4231 Felicitas
265 4169 478 4231 intemeratae
503 4168 615 4229 matris
635 4175 669 4229 et
685 4167 818 4247 uirginis
835 4167 957 4229 Mariae
982 4178 1130 4231 uentrem
1154 4176 1187 4231 et
1211 4168 1312 4231 ubera

48 4305 72 4340 35
83 4274 222 4359 speciali
245 4274 421 4357 praeconio
446 4272 574 4349 attollit,
602 4274 655 4335 cui
677 4281 866 4357 praestante
890 4276 1012 4337 uentris
1037 4276 1183 4339 eiusdem
1207 4274 1310 4337 fructu

197 4418 290 4467 rull.
311 4418 375 4482 Reg.
396 4429 437 4478 22,
461 4428 500 4467 10.
521 4444 557 4452 -
576 4426 617 4483 ²5·
639 4415 711 4467 Conf.
733 4417 795 4467 Luc.
820 4429 858 4477 ιι,
879 4428 920 4479 27.
