3167 5025
1289 284 1330 352 45

101 476 300 558 peccatricis
325 474 493 555 diligentia
516 475 616 557 ipsius
641 474 781 537 iustitiae
805 472 951 555 praelata
974 471 1077 544 fuerit,
1101 472 1334 553 pronuntiante

101 584 212 646 iudice
243 582 376 645 audiuit.
416 592 450 645 at
482 580 613 645 Martha
644 602 717 645 cum
751 583 949 663 suscepisset
980 579 1175 654 Dominum,
1213 580 1333 640 usitato

100 690 341 773 hospitalitatis
364 691 475 752 studio
497 690 665 771 satagebat
686 689 773 751 circa
793 692 948 770 frequens
970 686 1198 759 ministerium,
1230 686 1335 749 Maria

101 800 244 861 sedente
276 798 319 861 ad
351 798 549 861 audiendum
581 799 727 861 uerbum.
759 807 792 861 et
823 798 899 861 licet
930 797 972 860 de
996 794 1127 859 Martha
1150 794 1335 877 specialiter

81 908 232 969 sdictum
256 907 308 981 sit,
341 906 430 988 quod
455 908 625 989 exceperit
649 906 737 969 illum
762 907 794 969 in
817 907 952 969 domum
976 925 1077 978 suam,
1101 913 1212 965 tamen
1235 902 1334 964 etiam

105 1014 244 1077 aMaria
260 1022 432 1095 susceptus
456 1022 516 1087 est,
539 1014 662 1095 dispari
678 1033 757 1075 uero
774 1014 941 1093 utriusque
957 1011 1112 1075 famulatu
1136 1009 1333 1072 honoratus:

104 1121 157 1186 illa
182 1120 330 1184 officiose
353 1121 538 1183 discurrens
561 1121 712 1183 turbatur
736 1140 816 1201 erga
838 1120 992 1202 plurima,
1016 1118 1098 1181 haec
1122 1118 1164 1179 ad
1188 1118 1334 1198 quietum

104 1230 278 1311 negotium
302 1229 447 1291 residens
472 1236 504 1290 et
529 1228 582 1289 uni
606 1228 796 1302 intendem,
827 1228 982 1309 despexit
1013 1225 1145 1306 reliqua.
1177 1233 1334 1305 utraeque

105 1339 206 1419 igitur
237 1335 336 1399 alacri
366 1336 543 1398 deuotione
575 1318 731 1417 suscepto
762 1335 884 1417 hospiti
908 1334 1154 1406 deseruiebant,
1185 1343 1218 1394 et
1242 1334 1335 1413 quasi

75 1468 96 1493 10
104 1444 320 1509 contentione
345 1442 488 1526 quadam
512 1462 585 1505 sese
609 1443 748 1505 inuicem
772 1441 903 1505 adhoc
927 1443 1117 1524 praeuenire
1134 1440 1334 1522 gestiebant:

103 1550 240 1615 Martha
254 1554 256 1559 '
270 1551 312 1613 de
345 1549 510 1614 laborioso
544 1550 691 1613 discursu
725 1559 758 1613 et
791 1552 941 1613 studioso
974 1550 1141 1612 ministerii
1175 1558 1334 1631 apparatu

103 1660 239 1743 placere
270 1657 461 1732 festinabat,
493 1657 597 1720 Maria
627 1659 669 1721 de
698 1659 810 1740 quieto
834 1678 991 1721 consessu
1014 1666 1048 1719 et
1071 1658 1197 1719 intento
1221 1657 1334 1717 auditu

104 1766 264 1829 uictoriae
303 1764 447 1847 palmam
488 1766 697 1847 expectabat.
737 1774 830 1827 tanta
860 1774 931 1827 erat
962 1764 1112 1828 Marthae
1148 1763 1334 1827 sollicitudo

104 1877 193 1939 circa
216 1873 370 1953 frequens
395 1872 623 1948 ministerium,
655 1880 690 1934 ut
714 1872 824 1935 delata
854 1872 896 1934 ad
919 1872 1098 1935 Dominum
1123 1872 1335 1952 querimonia,

71 2010 93 2046 ιε
104 2001 285 2065 germanae
318 1978 481 2061 flagitaret
515 1982 726 2059 adiutorium;
765 1989 834 2043 tam
868 1989 965 2043 cauta
1002 2000 1081 2041 uero
1114 1978 1237 2041 Mariae
1276 1977 1335 2041 fuit

105 2089 320 2153 obseruantia
344 2090 429 2151 circa
452 2089 598 2170 quietum
622 2088 794 2164 silentium,
819 2096 854 2149 ut
869 2108 931 2151 nee
954 2086 1160 2170 interpellata
1176 2106 1196 2148 a
1210 2106 1335 2160 sorore,

110 2196 333 2260 excusationis
364 2196 502 2259 reddere
533 2195 673 2258 uoluerit
703 2216 906 2279 responsum.
939 2196 998 2258 sed
1030 2196 1117 2277 piam
1149 2192 1233 2256 hanc
1261 2214 1335 2255 con·

114 2307 291 2369 tentionem
308 2305 422 2366 iudicis
438 2305 600 2366 sententia
620 2306 757 2379 diremit,
781 2325 866 2385 quae
883 2304 1005 2366 Mariae
1022 2311 1150 2385 partem
1166 2303 1335 2384 optimam,

114 2434 169 2475 nec
191 2412 236 2476 ab
261 2432 301 2473 ea
325 2409 534 2474 auferendam
559 2411 712 2475 definiuit.
737 2432 799 2474 nec
822 2411 885 2473 hac
908 2411 980 2473 sola
1002 2412 1073 2473 uice
1097 2412 1182 2472 inter
1204 2430 1335 2471 sorores

81 2545 104 2570 20
113 2524 187 2585 istas
212 2520 409 2592 ¹huiusmodi
442 2521 627 2583 deuotionis
660 2522 833 2584 diuersitas
865 2522 897 2583 in
930 2521 1140 2602 susceptione
1172 2519 1336 2581 dominica

114 2639 250 2705 notatur,
276 2649 389 2692 uerum
413 2637 446 2690 et
471 2629 546 2692 alibi
568 2629 776 2693 nihilominus
800 2631 969 2692 inuenitur.
999 2648 1074 2690 cum
1098 2629 1183 2690 enim
1207 2629 1335 2690 inuitas-

119 2747 186 2799 sent
217 2758 291 2800 eum
324 2738 367 2799 ad
401 2737 580 2799 curandum
618 2736 724 2799 fratris
757 2736 873 2798 Lazari
905 2735 1114 2816 languorem,
1153 2735 1223 2817 ipse
1256 2756 1335 2797 uero

121 2855 242 2928 tempus
264 2845 444 2909 distulisset
467 2846 619 2920 sanandi,
651 2855 686 2908 ut
715 2847 849 2908 daretur
881 2844 972 2907 locus
1002 2845 1217 2907 resuscitandi
1248 2851 1336 2924 post*-

118 2953 246 3016 modum
269 2954 413 3016 uenienti
437 2953 568 3016 Martha
591 2953 689 3016 solito
714 2954 881 3016 ministerii
905 2953 1014 3015 studio
1044 2951 1200 3025 occurrit,
1232 2951 1337 3012 Maria

77 3078 102 3114 ²⁵
111 3071 219 3126 autem
243 3071 279 3124 ut
304 3060 590 3144 contemplationis
613 3063 714 3143 quieti
739 3082 876 3136 uacans,
904 3061 993 3122 domi
1017 3060 1138 3122 resedit
1162 3068 1194 3121 et
1218 3079 1336 3140 quous·

107 3193 169 3254 que
194 3170 238 3233 ab
263 3171 338 3252 ipso
363 3177 564 3243 euocaretur,
595 3189 662 3233 non
686 3170 796 3231 exiuit.
821 3188 930 3230 rursus
954 3187 1029 3230 cum
1053 3167 1196 3229 uenisset
1219 3165 1337 3228 Betha-

104 3281 203 3354 niam,
220 3281 372 3360 fecerunt
393 3276 424 3338 ei
445 3297 564 3358 cenant,
579 3277 639 3347 ibi,
669 3286 700 3338 et
721 3275 858 3337 Martha
882 3274 1095 3336 ministrabat.
1125 3274 1240 3336 Maria
1263 3288 1337 3355 eigo

102 3387 229 3468 accepit
251 3384 369 3446 librani
393 3384 547 3466 unguenti
568 3384 668 3446 nundi
682 3383 798 3465 pertzii
819 3382 961 3464 preteeti,
984 3392 1016 3443 et
1037 3381 1133 3442 unxit
1148 3381 1247 3462 pedes
1269 3381 1337 3444 eins

101 3507 131 3558 et
154 3492 294 3557 extersit
315 3491 443 3573 capi'llis
465 3491 548 3563 suis,
580 3502 611 3553 et
632 3491 745 3554 donnus
768 3491 898 3572 impletu
929 3500 976 3551 est
996 3511 1037 3551 en
1060 3489 1153 3550 odore
1176 3490 1335 3570 unguenti.

66 3617 184 3666 ³⁰eece
211 3620 311 3682 quam
336 3600 484 3662 ordinate
509 3619 568 3660 sua
591 3598 739 3679 singulae
763 3606 916 3680 repetunt
936 3596 1051 3667 officia,
1076 3606 1111 3659 ut
1127 3617 1234 3677 neque
1251 3598 1337 3659 circa

99 3710 213 3794 pedes
238 3707 373 3770 Domini
397 3706 465 3768 otio
489 3706 659 3786 indulgeat
675 3705 813 3780 Martha,
837 3725 899 3768 nec
922 3705 1035 3767 labore
1060 3705 1226 3766 ministerii
1251 3705 1337 3785 quie-

12 3895 14 3906 .
100 3828 172 3882 tem
200 3813 378 3897 spiritualis
402 3814 459 3875 otii
483 3811 653 3894 perturbet
676 3812 788 3874 Maria.

215 3923 305 3984 Inter
329 3919 426 3996 haec,
451 3920 666 3994 dilectissimi,
691 3920 827 3982 admoto
851 3921 986 3982 internis
1009 3919 1197 4002 aspectibus
1221 3920 1337 3981 uestris

101 4031 244 4114 gemino
278 4029 479 4092 diuersarum
513 4028 668 4090 uirtutum
701 4026 854 4109 specu10,
892 4027 970 4108 quid
1009 4027 1092 4089 serre
1131 4027 1264 4108 possitis
1303 4033 1336 4087 et

67 4168 91 4205 ss
102 4139 230 4221 eligere
255 4136 403 4198 debeatis
427 4135 635 4217 perpendite:
660 4155 700 4196 an
725 4155 799 4197 cum
824 4133 954 4197 Martha
977 4136 1064 4216 piam
1088 4132 1259 4213 religiosae
1284 4132 1337 4193 ad·

103 4244 356 4309 ministrationis
379 4243 596 4316 sedulitatem,
620 4263 661 4305 an
685 4243 795 4324 potius
819 4263 893 4304 cum
909 4242 1014 4305 Maria
1036 4249 1170 4304 sanctae
1193 4247 1337 4300 contem·

104 4353 264 4436 plationis
298 4350 457 4434 optimam
491 4358 627 4431 partem.
663 4350 731 4411 scio
764 4349 897 4430 quidem
930 4349 973 4416 ad
1006 4339 1218 4414 obtinendam
1252 4345 1344 4414 hanc,

217 4507 241 4563 3.
262 4496 323 4547 Luc.
347 4507 385 4552 10,
405 4505 447 4562 40.
467 4519 502 4528 -υ
522 4505 563 4558 ²9·
584 4493 620 4542 Io.
645 4505 682 4552 12,
704 4505 727 4540 2.
748 4508 784 4559 sq.
