3167 5025
266 220 310 306 76

266 423 354 499 liliis,
387 426 548 506 gemitum
580 431 698 488 natura
730 421 861 506 exegit,
900 421 959 488 sed
992 419 1097 488 maior
1128 431 1198 486 erat
1231 419 1333 486 uirtus
1364 415 1495 484 diuinae

267 532 461 608 dilectionis,
485 552 569 615 quae
593 533 744 596 dolorem
766 534 913 598 uinceret
937 535 1051 598 camis.

697 764 1005 830 CAPITVLVM
1028 768 1070 830 V.

609 911 732 972 Laus
764 930 785 973 a
818 911 1160 989 negotiatione.

374 1068 477 1130 Facta
508 1078 556 1130 est
584 1069 682 1150 quasi
710 1071 807 1132 nauis
836 1071 1009 1142 institores,
1041 1071 1080 1133 de
1102 1070 1193 1152 laage
1214 1079 1354 1150 portans
1379 1079 1524 1148 pancras

266 1197 370 1238 saum.
416 1178 633 1258 negotiatoris
671 1178 810 1259 peruigil
849 1179 1035 1242 sollicitudo
1073 1177 1167 1240 huius
1213 1177 1356 1239 nominis
1402 1194 1497 1236 sensu

268 1284 402 1365 proprie
425 1285 505 1346 satis
529 1285 740 1367 exprimitur,
765 1293 801 1346 ut
824 1286 954 1348 institor
977 1286 1120 1360 dicatur,
1148 1303 1189 1346 eo
1214 1284 1305 1366 quod
1328 1281 1443 1348 solitis,
1457 1282 1499 1341 in·
1540 1301 1541 1304 ¹

268 1389 479 1472 fatigabiliter
510 1392 638 1454 insistat
660 1393 811 1474 negotiis,
844 1413 940 1456 uerus
964 1403 1073 1456 autern
1098 1393 1227 1456 institor
1250 1393 1322 1473 ipse
1347 1398 1416 1463 est,
1446 1389 1497 1468 qui

269 1497 311 1560 ab
346 1499 473 1579 origine
508 1499 621 1562 mundi
656 1519 788 1580 semper
823 1498 968 1562 humano
1006 1501 1123 1562 institit
1161 1499 1292 1580 generi,
1329 1498 1498 1559 innumera

269 1604 440 1688 explicans
464 1606 607 1687 negotia,
631 1606 782 1668 uniuersa
805 1616 915 1668 tamen
939 1607 981 1668 ad
1006 1626 1106 1668 unum
1128 1605 1242 1668 salutis
1266 1624 1354 1686 opus
1368 1603 1523 1666 tendor-10

268 1713 322 1776 tia.
347 1713 419 1794 ipse
442 1713 575 1794 primus,
598 1713 700 1774 immo
724 1713 795 1774 dux
819 1722 869 1774 est
894 1715 1049 1788 omniurn,
1072 1713 1130 1794 qui
1146 1711 1342 1774 descendant
1363 1731 1453 1774 mara
1466 1709 1495 1770 ia

269 1820 422 1893 nauibus,
437 1820 598 1900 facientes
620 1820 833 1901 operatzanem
857 1821 891 1882 in
914 1820 1009 1901 aquis
1032 1819 1159 1894 multis,
1190 1819 1223 1882 id
1248 1829 1299 1882 est
1323 1839 1410 1901 quos
1433 1820 1492 1900 ipse

268 1927 400 1990 institor
415 1928 583 1991 institores
598 1928 768 1990 constituit
784 1928 926 2002 nauium,
949 1936 1095 1990 rectores
1119 1927 1271 1994 uidelicet
1287 1935 1321 1992 et
1337 1928 1485 2009 prindpes

269 2035 489 2098 ecclesiarum.
520 2034 572 2097 his
596 2029 682 2098 enim
706 2035 929 2116 praesidendo
953 2034 1075 2098 iaciunt
1103 2037 1332 2118 operationem
1358 2033 1481 2102 cremar
1561 2066 1562 2122 q

269 2142 330 2204 sibi
369 2142 624 2224 dispensationis
662 2143 695 2204 in
734 2141 885 2223 plebibus
925 2143 1089 2217 subiectis,
1129 2151 1299 2225 tamquam
1338 2143 1373 2204 in
1414 2139 1506 2221 aquus

270 2247 388 2310 multis
419 2247 472 2310 hic
496 2270 578 2329 ergo
602 2250 702 2311 etiam
726 2248 896 2310 mulierem
918 2248 1004 2312 hanc
1027 2247 1164 2323 sortem,
1187 2251 1279 2311 cuius
1302 2269 1393 2312 nunc
1416 2266 1492 2331 prae·

270 2355 374 2418 coniis
413 2355 598 2438 specialiter
637 2355 856 2430 deseruimus,
896 2357 989 2438 quasi
1027 2357 1138 2418 nauim
1176 2357 1344 2438 quandam
1384 2357 1495 2438 eligere

270 2462 390 2539 uoluit,
426 2482 512 2545 quae
550 2462 735 2529 deserendis
774 2485 834 2546 per
872 2483 962 2527 mare
997 2463 1091 2527 huius
1126 2464 1248 2529 saeculi
1264 2481 1266 2488 ’
1283 2463 1495 2529 mercimoniis

270 2570 467 2635 caelestibus
499 2572 666 2637 ditaretur.
700 2573 856 2653 quocirca
887 2570 1078 2643 firmissimis
1112 2582 1148 2635 et
1178 2573 1377 2636 acutissimis
1400 2570 1497 2635 sancti
1562 2584 1563 2587 ’

271 2682 397 2743 timoris
421 2680 471 2742 sui
495 2679 596 2743 clauis
620 2700 694 2742 eam
718 2678 927 2754 consortauit,
951 2690 984 2742 et
1007 2700 1049 2741 ne
1074 2700 1172 2762 quam
1196 2682 1521 2762 peccatisentiname

270 2796 455 2869 pateretur,
471 2788 566 2850 intus
589 2808 628 2849 ac
652 2786 731 2849 foris
755 2788 901 2849 caritatis
925 2787 1083 2849 bitumine
1106 2787 1227 2862 finiuit,
1259 2790 1347 2851 intus
1373 2789 1497 2871 quidem

272 2896 352 2970 Dei,
383 2893 462 2957 soris
486 2903 596 2957 autem
620 2894 771 2959 muniens
796 2892 972 2956 dilectione
994 2895 1149 2975 proximi.
1181 2914 1280 2977 quam
1304 2915 1383 2958 cum
1411 2894 1497 2959 bonis

272 3002 425 3064 omnibus
449 3009 647 3075 onustasset,
671 3000 785 3062 sedem
810 2998 871 3063 sibi
894 3000 926 3061 in
950 3019 990 3061 ea
1006 3008 1174 3082 tamquam
1191 3022 1288 3064 uerus
1304 3004 1499 3083 gubernator

272 3108 518 3184 collocauit,.ut
540 3107 731 3189 impleretur
754 3108 870 3170 etiamv
887 3108 919 3168 in
937 3107 1018 3188 'ipsa
1049 3107 1280 3189 propheticum
1312 3108 1401 3185 illud,
1427 3106 1498 3191 psal·

272 3216 391 3279 mistae
416 3216 571 3282 dicentis:
604 3215 695 3277 Deus
718 3214 754 3275 ia
776 3213 880 3275 medio
902 3212 985 3284 aas,
1019 3234 1081 3275 nan
1108 3216 1360 3279 commorabitur.
1390 3224 1518 3283 ,contras

272 3341 371 3404 quam
403 3324 614 3385 saeuissimae
638 3321 722 3384 illius
745 3321 954 3402 tempestatis
978 3319 1146 3402 procellae
1167 3323 1436 3399 insurrexerunt,
1464 3321 1492 3381 de

272 3430 390 3511 quibus
406 3428 594 3512 frequenter
609 3428 756 3491 audistis,
779 3426 1007 3508 frigidissimus
1031 3428 1117 3489 enim
1133 3426 1186 3490 ille
1203 3440 1331 3505 uentus
1356 3428 1489 3494 diabolus

272 3536 444 3612 uidelicet,
477 3538 520 3599 de
550 3556 618 3618 quo
650 3537 809 3618 scriptum
841 3544 908 3596 est:
943 3534 984 3596 ab
1014 3534 1163 3615 aquilone
1186 3536 1355 3617 pandetur
1383 3536 1492 3601 malum

271 3656 367 3725 saper
395 3664 502 3708 omnes
536 3642 731 3704 habitatores
762 3652 880 3712 terrae,
914 3640 993 3701 totis
1022 3639 1246 3721 malignitatis-
1270 3621 1350 3705 suae
1383 3644 1497 3706 uiribus

272 3751 423 3824 inualuit,
455 3759 488 3825 et
520 3750 674 3817 excitatis
697 3747 880 3811 in·rabiem
911 3744 1121 3828 pontificibus
1153 3748 1318 3813 idolorum
1351 3760 1427 3813 orta
1457 3752 1498 3809 est
1506 3766 1524 3804 30

273 3858 403 3920 Romae
435 3866 552 3920 contra
583 3857 714 3919 beatam
739 3855 947 3919 Felicitatem
977 3873 1018 3915 ac
1046 3851 1128 3915 filios
1153 3856 1222 3918 eius
1247 3858 1386 3932 sediti0,
1413 3851 1498 3939 quasi
1561 3878 1562 3881 ¹

274 3972 456 4045 tempestas
480 3962 597 4025 ualida
724 4032 726 4036 ,
1224 4020 1228 4025 .
1303 3978 1306 3985 ·

380 4069 448 4134 Sed
479 4070 557 4151 quid
581 4068 703 4133 sactum
734 4066 805 4131 est?
826 4086 903 4149 quo
935 4063 999 4127 fine
1030 4061 1187 4129 uiolentia
1215 4068 1300 4151 ipsa
1319 4062 1500 4152 grassatur?

274 4178 432 4259 numquid
471 4177 565 4240 nauis
590 4186 717 4240 nostra
755 4174 906 4237 turbatur
944 4168 996 4233 uel
1033 4172 1211 4251 mergitur?
1244 4196 1327 4244 ,none
1354 4187 1405 4241 est
1438 4185 1498 4238 tam
1561 4194 1562 4201 ¹

275 4286 426 4348 modicae
443 4284 519 4349 fidei
535 4293 571 4347 ut
588 4282 745 4358 turbetur,
767 4303 830 4346 nec
846 4289 915 4342 tam
928 4275 1108 4341 inualidum
1125 4276 1225 4343 habet
1242 4285 1524 4362 gubernatoremn*
1561 4270 1562 4291 ³

385 4440 429 4477 12,
450 4428 489 4476 Ps.
514 4425 570 4486 106,
592 4438 634 4487 ²3-
654 4451 689 4460 ——
709 4435 751 4487 ²5·
771 4408 812 4471 Ps.
833 4432 875 4484 45,
896 4420 920 4469 b.
940 4446 975 4455 -
995 4417 1036 4466 28.
1057 4419 1108 4482 Jer.
1132 4433 1152 4481 1,
1177 4436 1215 4483 14.
