3167 5025
1243 262 1284 333 37

59 456 144 528 egent
164 441 226 529 qui
247 440 328 509 sani
348 453 423 509 suut
444 440 580 519 medico,
603 442 662 509 sed
681 443 740 530 qui
760 442 846 511 male
867 442 1002 523 habena·
1031 470 1070 513 ac
1093 450 1121 512 si
1144 450 1286 516 diceret:

59 556 129 635 quia
152 576 259 618 sanos
285 576 344 619 uos
368 556 450 619 falso
473 557 669 632 aestimatis,
698 557 861 619 medicum
886 576 953 620 non
975 559 1155 641 suscipitis,
1185 561 1287 623 immo

59 664 278 745 suscipientes
301 684 376 726 eum
391 663 472 726 alios
489 663 741 747 reprehenditis:
765 663 799 726 hi
814 674 934 740 autem,
954 666 1033 747 ‘quia
1048 667 1286 749 aegritudinem

59 790 143 831 suam
168 769 341 833 humiliter
365 781 557 852 agnoscunt,
597 772 751 835 aduentui
776 792 852 834 meo
875 772 1078 853 gratulantes
1102 784 1286 849 occurrunt,

45 887 92 938 set
109 887 141 939 ut
165 898 250 941 uere
276 878 390 941 solem*
404 880 552 953 iustitiae,
577 879 609 941 in
632 881 722 941 cuius
746 881 862 963 pennis
887 880 1010 943 sanitas
1021 889 1084 956 est,
1108 881 1285 963 excipiunt.

68 994 182 1047 constat
200 967 320 1051 tamen
335 985 527 1069 pharisaeos
544 985 721 1067 aliquando
738 987 917 1049 Dominum
934 989 1117 1071 suscepisse
1133 987 1286 1071 hospiti0,

69 1093 114 1153 sed
133 1102 168 1155 ut
202 1093 401 1173 euangelica
432 1094 552 1175 probat
581 1092 731 1168 historia,
763 1114 830 1157 non
859 1095 1066 1177 simplicitate
1096 1096 1205 1159 cordis
1234 1096 1287 1159 uel

68 1200 232 1263 deuotione
268 1199 346 1264 boni
370 1200 479 1284 operis
503 1200 652 1264 exhibita
682 1211 733 1265 est
757 1202 811 1265 illa
841 1204 1019 1285 susceptio,
1050 1206 1227 1267 nonenim
1252 1213 1287 1270 ut

65 1317 248 1389 peccatores
283 1316 317 1369 et
346 1292 551 1391 paenitentes
583 1329 602 1370 a
632 1318 771 1391 peccato
798 1310 977 1372 immunem
1007 1320 1041 1373 et
1073 1320 1286 1393 peccatorum

39 1417 197 1480 nomnium
211 1415 439 1497 suscipiebant
455 1416 669 1492 dimissorem,
682 1417 740 1479 sed
754 1418 846 1498 quasi
859 1418 1064 1481 insidiatores
1076 1419 1287 1486 traditionum

67 1542 183 1585 suarum
209 1523 438 1586 obseruabant
462 1532 747 1605 transgressorem.

160 1630 267 1713 Quod
298 1629 458 1713 exemplis
489 1629 639 1693 facillime
669 1632 887 1695 demonstrari
915 1641 1034 1713 potest
1066 1634 1196 1715 rogauit
1215 1655 1287 1698 eum

66 1738 186 1817 quidam
214 1738 418 1820 plzart'saeus
449 1747 484 1799 ut
507 1736 685 1819 pranderet
713 1738 805 1820 apud
831 1760 872 1799 se.
902 1748 933 1800 et
954 1739 1116 1820 engressus
1139 1742 1286 1804 recubuit.

66 1845 142 1908 nulla
163 1846 216 1909 hic
234 1845 455 1927 susceptionis
472 1845 639 1927 diligentia
661 1867 768 1927 neque
785 1846 924 1908 conuiuii
941 1857 1118 1929 apparatus
1134 1849 1287 1911 describi·

43 1984 59 2019 a
68 1963 120 2027 tur,
141 1955 197 2016 sed
222 1953 367 2035 qualiter
391 1953 476 2015 circa
499 1954 692 2017 traditiones
717 1954 943 2017 obseruandas
966 1973 1041 2017 eum
1065 1973 1164 2036 quem
1180 1977 1285 2020 susce·

69 2070 150 2140 perat
164 2061 385 2135 denotauerit,
402 2062 512 2123 statim
523 2062 678 2139 innuitur;
695 2082 771 2123 nam
788 2061 952 2125 subditur:
967 2061 1164 2142 paan'saaa
1180 2073 1286 2125 autem

73 2168 1285 2251 capitc'atrasercputansdzcere,quareareubaptizatusasseranteprandz'um.

79 2273 206 2340 solebant
230 2277 322 2339 enim
346 2297 413 2339 non
436 2276 542 2338 solum
566 2297 743 2359 corporum
764 2296 906 2349 suorum,
930 2277 957 2338 si
980 2278 1150 2359 quomodo
1174 2277 1286 2359 gentili

84 2381 207 2462 cuiquam
224 2385 534 2459 communicassent,
551 2385 609 2446 sed
627 2394 660 2447 et
676 2385 812 2447 calicum
830 2395 863 2447 et
875 2405 1046 2447 urceorum
1061 2384 1287 2468 lectorumque

52 2517 73 2541 20
82 2496 108 2548 et
118 2500 369 2556 aeramentorum
378 2491 586 2575 baptismata,
596 2492 628 2554 id
642 2500 692 2554 est
705 2491 886 2555 lauationes
899 2491 1087 2576 superfluas,
1096 2493 1286 2556 obseruare:

81 2595 219 2663 Dominus
233 2609 345 2663 autem
361 2600 504 2661 maxime
518 2599 678 2662 interioris
693 2600 870 2663 munditiae
884 2601 1067 2663 custodiam
1084 2601 1125 2662 ad
1143 2622 1178 2662 se
1191 2603 1287 2663 susci·

85 2704 215 2780 piendum
228 2707 376 2770 ostendit
389 2708 615 2770 necessariam.
632 2708 674 2770 ad
691 2707 755 2770 hoc
772 2709 895 2790 quippe
912 2716 1002 2770 totus
1020 2707 1072 2770 ille
1089 2727 1198 2770 sermo
1213 2729 1287 2770 con·

88 2823 236 2890 sequenter
261 2815 412 2877 adnexus
436 2815 585 2897 pertinet.
610 2816 688 2877 item
704 2814 815 2878 Lucas
832 2815 1034 2896 euangelista
1049 2817 1092 2877 de
1109 2815 1172 2880 alio
1189 2815 1287 2879 refert

84 2920 213 2996 prandio,
229 2922 405 3006 aprincipe
422 2923 566 3005 quodam
582 2922 827 3004 pharisaeorum
844 2922 998 2986 saluatori
1016 2921 1174 2998 exhibit0,
1187 2923 1232 2984 ita
1244 2923 1287 2984 di·

49 3049 70 3085 25
80 3043 162 3088 cens:
174 3033 333 3111 effaetum
345 3040 398 3103 est,
411 3051 482 3093 curn
495 3031 631 3093 intraret
645 3031 678 3092 c'n
691 3030 820 3094 doraum
832 3031 1002 3115 currendam
1010 3030 1169 3112 princepis
1174 3030 1287 3112 pleuri-

75 3147 203 3200 aaronem
226 3138 359 3202 sabbata
382 3137 579 3202 manducare
596 3150 723 3220 panem.
748 3138 802 3201 ubi
820 3156 923 3220 aeque
939 3139 1171 3221 praetermisso
1188 3139 1289 3199 totius

75 3239 246 3310 deuotionis
278 3247 415 3324 indiciO,
454 3266 538 3326 quae
569 3255 663 3308 tauto
694 3245 816 3327 hospiti
849 3247 1039 3308 conueniret
1069 3245 1288 3327 suscipiendo,

73 3359 193 3415 econtra
218 3352 441 3434 subiungitur:
465 3363 496 3413 et
517 3353 582 3433 ipsi
600 3352 810 3414 obseruabaut
823 3368 902 3414 eram.
927 3352 1150 3415 obseruabant
1167 3353 1288 3433 utique,

72 3455 93 3514 si
106 3458 243 3522 solueret
261 3459 444 3535 sabbatum,
468 3460 658 3540 ignorantes
675 3480 741 3524 non
758 3459 931 3522 carnaliter
947 3468 1073 3522 tantum
1090 3460 1149 3521 sed
1162 3461 1288 3543 spiritu·

45 3562 151 3629 naliter
181 3569 215 3630 in
248 3588 288 3629 eo
312 3567 505 3630 uacandum.
537 3569 607 3650 ipse
631 3588 727 3643 veru,
759 3568 814 3649 qui
838 3577 973 3630 uenerat
997 3568 1126 3650 operari
1149 3566 1288 3630 salutem

71 3669 95 3730 in
117 3676 227 3738 medio
252 3684 373 3752 terrae,
405 3676 551 3738 sabbatis
576 3677 751 3759 praecipue
775 3675 919 3738 docebat
943 3685 975 3738 et
999 3675 1199 3758 operabatur
1222 3695 1289 3736 non

72 3778 165 3843 solum
198 3790 338 3864 propter
362 3782 527 3865 spirituale
552 3783 742 3858 sabbatum,
773 3785 833 3846 sed
857 3792 891 3845 et
914 3793 1052 3866 propter
1075 3781 1288 3845 celebriorem

69 3888 173 3968 populi
190 3897 397 3964 conuentum,
422 3897 537 3972 utpote
554 3891 609 3970 qui
626 3889 764 3951 salutern
781 3899 953 3970 quaereret
970 3891 1122 3952 omnium.
1147 3888 1288 3970 denique

69 3995 191 4056 tertium
207 3993 418 4076 'pharisaicae
442 3996 658 4078 susceptionis
684 3996 900 4077 adiungamus
925 3997 1131 4079 exemplum,
1156 3998 1230 4078 quia
1254 3997 1287 4058 iu

22 4087 113 4172 ¹grue
134 4103 271 4166 dacorum
295 4102 349 4164 uel
368 4102 467 4164 tru'urn
491 4103 616 4165 testium
641 4103 740 4166 stabit
763 4125 854 4165 omne
870 4104 1007 4168 acerbum.
1031 4103 1166 4186 rogabat
1176 4103 1287 4184 Jesum

68 4202 193 4283 quidam
211 4207 422 4291 pharisaeum,
446 4219 483 4271 nt
504 4209 715 4272 manducaret
736 4231 807 4271 cura
832 4209 896 4282 illo,
919 4221 950 4273 ct
971 4211 1133 4291 ingressus
1154 4209 1286 4272 domurn

172 4365 191 4400 1.
218 4352 280 4400 Luc.
308 4362 331 4414 5,
358 4363 399 4413 31.
420 4379 455 4387 —
478 4364 515 4413 13.
546 4354 606 4405 Luc.
642 4365 679 4400 ιι.
707 4362 747 4413 37.
768 4381 803 4388 -
826 4352 863 4400 18.
889 4354 950 4401 Luc.
981 4367 1019 4414 11,
1041 4354 1082 4414 38.
1103 4380 1137 4390 -—
1158 4350 1198 4400 ab.
1226 4353 1286 4401 Luc.

73 4446 106 4495 ¹41
129 4449 149 4486 1.
169 4467 203 4475 -
223 4450 264 4502 35.
287 4441 349 4494 Mat.
375 4440 413 4501 18,
439 4439 477 4489 16.
