3167 5025
474 478 478 483 ·
516 476 829 541 CAPITVLVM
853 478 893 540 v.

414 576 417 583 ’
553 608 607 673 oe
631 607 850 669 abimelech.

190 750 247 811 Ex
272 748 384 811 multis
408 759 594 813 sanctarum
617 750 851 831 scripturarum
866 756 997 811 constat
1013 748 1216 820 testimoniis
1241 747 1317 809 diui·

82 878 144 919 nae
165 857 367 919 uisitationis
391 858 531 939 gratiam
556 857 796 921 dormientibus
820 857 1012 939 plerumque
1036 855 1222 918 hominibus
1243 875 1317 923 noc-

67 972 177 1028 sturna
211 963 414 1026 reuelatione
444 966 678 1045 administrari,
709 985 832 1047 eosque
865 966 910 1028 sic
942 963 994 1026 uel
1025 963 1205 1025 futurorum
1229 982 1319 1044 prae·

90 1072 220 1135 scientia
244 1070 397 1133 illustrari
422 1072 473 1134 uel
497 1092 558 1155 pro
583 1071 710 1135 delictis
736 1073 913 1153 corripiet
938 1071 1113 1144 emendari,
1144 1070 1318 1151 multisque

87 1179 198 1253 modiS,
230 1187 331 1260 prout
354 1177 514 1241 humanae
539 1179 651 1242 salutis
675 1180 853 1242 necessitas
878 1179 1041 1261 exposcit,
1064 1176 1199 1240 caelitus
1222 1176 1317 1240 infor·

84 1287 168 1347 mari.
208 1287 268 1349 sed
302 1285 395 1348 huius
426 1307 558 1368 quoque
592 1288 786 1350 uisitationis
823 1288 912 1349 uaria
946 1287 1108 1349 inuenitur
1143 1286 1319 1366 susceptio

86 1402 165 1455 uxta
194 1392 286 1477 quqd
312 1413 425 1455 eorum
450 1394 505 1474 qui
522 1392 608 1455 hanc
633 1394 817 1476 suscipiunt
834 1392 916 1457 fides
933 1392 1029 1456 fuerit
1046 1402 1078 1455 et
1097 1393 1320 1478 conuersatio:

54 1530 76 1554 10
91 1501 137 1563 alii
161 1522 208 1563 ea
232 1522 317 1581 quae
341 1502 494 1563 diuinitus
518 1502 719 1586 insinuantur
741 1510 834 1563 tanta
857 1500 932 1563 fidei
956 1523 994 1564 ac
1018 1501 1202 1564 intellectus
1225 1521 1319 1583 capa-

89 1611 189 1672 citate
215 1609 464 1690 suscipiuntut
488 1617 521 1671 et
538 1609 721 1691 intelligant
737 1619 770 1671 et
787 1610 975 1682 oboediant,
1002 1609 1055 1671 alii
1079 1619 1113 1671 ut
1137 1608 1319 1689 intelligant

87 1718 223 1799 quidem
242 1716 385 1778 sednon
401 1716 597 1793 oboediant;
622 1716 674 1779 alii
698 1725 808 1779 autem
832 1717 917 1778 adeo
941 1726 1017 1779 sunt
1040 1715 1186 1788 hebetes,
1211 1725 1244 1777 ut
1256 1736 1319 1778 nec

85 1824 274 1905 intelligant
305 1823 366 1885 nisi
399 1823 508 1907 delata
539 1825 580 1885 ad
613 1845 648 1885 se
671 1823 812 1885 hominis
836 1823 977 1896 alterius,
1001 1804 1143 1885 melioris
1167 1823 1318 1886 uidelicet

89 1941 120 1994 et
135 1930 331 2013 capacioris,
356 1931 545 2011 magisterio
569 1931 706 2004 discant,
730 1939 762 1993 et
786 1939 898 1992 tantae
922 1939 996 1992 sunt
1021 1930 1258 2002 obstinationis,
1282 1939 1318 1992 ut

51 2072 72 2107 15
83 2059 123 2100 ne
153 2040 202 2101 sic
234 2037 370 2123 quidem
394 2035 453 2111 his,
487 2058 571 2119 quae
595 2058 654 2119 per
678 2037 911 2099 reuelationem
935 2038 1094 2100 audierint
1118 2058 1156 2099 ac
1179 2057 1238 2119 per
1262 2035 1317 2099 ho·

85 2148 204 2209 minem
220 2144 453 2219 intellexerint,
470 2144 658 2207 oboediant.
683 2146 796 2227 accipe
813 2146 855 2207 de
879 2143 928 2205 his
952 2144 1087 2225 singulis
1111 2165 1257 2226 congrua
1273 2166 1317 2207 ex

92 2254 281 2315 auctoritate
306 2252 540 2337 scripturarum
564 2261 750 2314 sanctarum
775 2252 938 2334 exempla.

147 2440 150 2444 .
193 2358 399 2434 Abimclech,
424 2379 483 2441 rex
501 2358 654 2433 Gerarae,
678 2359 808 2421 sublata
830 2360 863 2422 in
879 2360 1014 2421 domum
1031 2379 1123 2421 suam
1140 2360 1221 2423 Sara
1241 2362 1317 2423 diui·

93 2486 150 2532 nae
179 2468 373 2532 uisitationis
406 2469 614 2551 correptione
638 2488 698 2551 per
722 2468 885 2530 somnium
910 2468 1096 2531 admonitus
1121 2488 1195 2531 cum
1219 2470 1316 2552 cuigi·

58 2575 308 2658 2olasset,.quod
333 2577 481 2656 audierat
505 2577 664 2659 memoria
686 2577 790 2638 tenuit
816 2584 848 2638 et
865 2576 1016 2658 arguenti
1032 2576 1106 2639 Deo
1123 2579 1315 2641 emendatus

95 2682 261 2746 oboediuit.
278 2683 394 2768 Laban
408 2703 550 2765 quoque,
567 2703 641 2745 cum
658 2682 838 2764 fugientem
849 2682 954 2762 Jacob
970 2684 1147 2766 assumptis
1164 2684 1315 2748 fratribus

99 2791 161 2850 suis
181 2789 335 2874 hostiliter
359 2799 619 2873 persequeretur,
643 2800 815 2873 correptus
832 2811 851 2852 a
868 2791 941 2852 Deo
965 2791 998 2851 in
1013 2791 1138 2858 uisione
1155 2802 1316 2856 nocturna

95 2898 204 2959 statim
229 2919 247 2958 a
268 2907 428 2980 concepto
459 2896 566 2960 furore
591 2899 805 2980 restringitur.
852 2897 986 2960 Balaam
1011 2920 1089 2961 uero
1113 2900 1155 2962 ad
1184 2900 1314 2962 maledi·
1368 2954 1370 2957 .

89 3006 230 3067 cendum
246 3007 348 3086 Jsrael
381 3016 518 3068 uocatus
550 3006 833 3068 contradicentem
856 3005 918 3068 sibi
942 3007 1049 3068 Deum
1074 3027 1133 3089 per
1156 3008 1314 3069 uisionem

51 3143 72 3178 2⁵
83 3113 223 3187 audiuit,
255 3115 313 3178 sed
349 3115 485 3176 auaritia
515 3123 668 3176 caecatus
692 3134 711 3176 a
735 3114 908 3195 proposito
939 3114 1053 3176 itinere
1085 3134 1151 3176 non
1180 3104 1317 3177 destitit.

80 3219 395 3284 Nabuchodonosor
418 3242 479 3302 pro
504 3222 760 3284 commonitione
784 3242 844 3282 sua
868 3222 1026 3284 uisionem
1050 3240 1206 3303 magnam
1224 3223 1314 3295 uidit,

79 3350 176 3412 quam
210 3351 271 3410 per
302 3349 337 3390 se
370 3328 550 3410 intelligere
582 3348 649 3390 non
673 3330 798 3410 potuit,
832 3329 891 3390 sed
916 3329 1152 3410 interpretante
1177 3329 1314 3392 Daniele

77 3438 166 3516 quod
193 3437 332 3498 uidisset
356 3437 494 3499 edoctus
518 3445 552 3498 et
576 3435 712 3498 consilio
736 3437 815 3516 quid
838 3435 944 3498 facere
962 3434 1100 3498 deberet
1116 3437 1314 3512 admonitus

75 3552 109 3628 ut
134 3543 295 3607 uidelicet
318 3553 457 3624 peccata
481 3563 539 3604 sua
563 3541 782 3624 eleemosynis
808 3543 992 3618 redimeret,
1020 3544 1152 3606 minime
1177 3564 1313 3606 consen·

45 3653 130 3726 rosit,
166 3652 230 3714 sed
255 3652 287 3713 in
312 3651 465 3733 superbia
488 3652 696 3734 perdurauit,
727 3653 835 3714 donec
860 3651 994 3714 tandem
1018 3650 1155 3732 flagellis
1179 3662 1314 3714 coactus

72 3759 244 3824 humiliter
268 3759 389 3820 sentire
413 3759 533 3822 didicit.
559 3778 671 3820 uerum
695 3756 745 3832 his
770 3758 914 3841 exempli
938 3759 1045 3839 gratia
1064 3759 1252 3840 praemissis
1268 3759 1311 3832 ad

70 3886 212 3929 causam
236 3863 433 3948 Abimelech
457 3866 543 3948 regis
567 3885 665 3946 quam
687 3865 794 3947 primo
813 3866 1152 3940 commemorauimuS,
1176 3865 1312 3946 plenius,

71 3973 355 4038 considerandam
379 3974 561 4035 redeamus.

173 4081 237 4142 =De
261 4101 327 4160 qua
350 4081 395 4142 ita
419 4081 577 4163 scriptum
601 4088 668 4142 est:
694 4099 767 4142 cum
792 4081 1058 4162 peregrinaretur
1082 4079 1254 4142 Abraham
1279 4082 1311 4142 in

39 4188 220 4262 asGeraris,
245 4186 334 4250 dixit
356 4186 395 4249 de
420 4187 506 4250 Sara
532 4208 630 4249 taxare
652 4207 732 4248 saa:
754 4207 846 4248 soror
867 4208 937 4248 mea
960 4198 1013 4271 est.
1037 4188 1128 4250 misit
1147 4209 1221 4268 ergo
1238 4187 1311 4249 Abi·

184 4343 226 4378 21.
248 4329 322 4378 Cons.
343 4331 409 4380 Gen.
433 4344 472 4395 19.
492 4361 526 4368 ψ
547 4343 588 4393 23.
609 4330 682 4382 Cons.
703 4331 767 4378 Gen.
789 4341 830 4390 31,
852 4342 884 4378 22
905 4347 959 4395 sqq.
979 4359 1014 4366 -
1028 4341 1069 4395 25.
1084 4331 1157 4380 Cous.
1171 4331 1249 4378 Num.
1267 4342 1309 4379 22.

70 4449 106 4456 -
128 4432 172 4485 31.
194 4419 269 4472 Cons.
290 4421 355 4469 Dan.
375 4434 400 4483 4.
420 4437 475 4486 sqq.
