3167 5025
1256 277 1297 346 77

61 460 115 541 qui
149 464 264 542 mergi
295 482 369 522 eam
400 463 550 544 patiatur.
583 464 660 544 quid
693 466 778 525 enim
811 464 895 526 dixit
926 463 1025 525 beata
1054 462 1136 524 haec
1164 472 1299 543 martyr,

61 589 147 647 quae
181 569 218 630 in
252 568 358 650 ligura
385 571 477 632 nauis
500 573 766 645 commendatur,
798 571 1009 654 impendente
1041 571 1102 632 sibi
1133 579 1299 634 tantorum

62 674 228 738 fluctuum
246 675 399 754 horrore;
422 678 511 757 quid,
533 679 675 759 inquam,
699 678 784 740 dixit
801 677 978 740 collaterali
994 677 1164 760 aquilonis,
1186 677 1299 739 Publio

61 783 151 844 urbis
178 783 370 865 praelectO,
402 786 456 868 qui
479 785 603 849 blando
626 785 791 867 colloquio
827 786 869 849 ad
901 785 1093 848 sacrificium
1125 805 1197 847 eam
1231 787 1303 866 pr'o·

46 911 200 967 suocans,
228 892 415 954 minabatur
437 893 536 955 etiarn
560 913 741 976 poenarum
765 891 952 955 interitum?
976 913 1037 956 nec
1059 892 1300 966 blandimentis

67 1000 187 1079 inquit,
223 1000 289 1061 tuis
319 998 440 1062 resolui
467 1009 603 1082 potero,
633 1021 695 1063 nec
718 1000 898 1064 terroribus
923 1000 1036 1082 frangi.
1069 1009 1102 1062 et
1133 1009 1300 1081 tamquam

67 1115 229 1187 surgente
253 1107 407 1188 aquilone
431 1117 466 1170 et
488 1109 739 1190 superueniente
760 1116 881 1183 austro,
905 1110 947 1170 de
965 1109 1067 1190 ipsius
1083 1107 1161 1170 flatu
1178 1105 1301 1170 conlisa

67 1213 236 1276 subdidit:
267 1213 376 1278 habeo
400 1216 487 1277 enirn
510 1214 667 1296 Spiritum
691 1223 859 1288 sanctum,
889 1216 944 1296 qui
969 1235 1020 1276 me
1045 1235 1111 1277 non
1133 1215 1302 1296 permittet

68 1321 150 1382 uinci
174 1342 199 1383 a
224 1321 369 1384 diabolo.
397 1321 505 1385 solent
528 1344 608 1385 uero
631 1344 733 1386 naues
756 1331 900 1404 cogente
924 1324 1132 1404 tempestatis
1156 1323 1301 1405 periculo

43 1430 265 1504 ¹0exonerari,
295 1431 369 1510 ipsa
392 1451 524 1512 quoque
547 1431 717 1506 uictualia,
747 1453 832 1512 quae
855 1432 899 1494 ad
923 1431 1173 1493 sustentandam
1201 1431 1301 1492 uitam

70 1537 301 1614 portabantur,
324 1557 385 1619 pro
410 1540 638 1601 conseruanda
661 1540 778 1602 eadem
798 1540 866 1601 uita
881 1538 1091 1621 proiciuntur.
1117 1545 1149 1599 et
1165 1536 1302 1619 plerum·

71 1663 131 1720 que
147 1644 326 1726 contingit,
349 1654 386 1708 ut
401 1644 443 1720 hi,
466 1647 598 1728 quispe
617 1648 704 1708 uitae
728 1645 881 1708 uictualia
897 1653 1175 1728 contempserant,
1198 1645 1303 1706 acrius

73 1753 291 1829 postmodum
315 1753 463 1814 ciborum
486 1755 622 1835 penuria
645 1753 813 1829 laborent,
836 1773 987 1834 quosque
1011 1773 1100 1815 mare
1124 1753 1217 1833 quasi
1233 1773 1303 1834 par·

75 1859 177 1920 cendo
206 1869 400 1934 conseruat,
430 1861 573 1923 atrocior
595 1859 689 1923 samis
713 1861 842 1942 gladius
866 1861 1027 1923 absumat.
1055 1865 1238 1940 quocontra
1261 1858 1303 1920 de

46 1963 132 2027 1shac
153 1967 236 2028 naui
259 1975 373 2028 nostra
397 1967 527 2030 dicitur:
551 1949 591 2029 de
612 1967 704 2049 longe
719 1978 858 2049 portans
875 1980 994 2050 panem
1017 1988 1119 2030 suurn.
1143 1967 1182 2028 de
1204 1966 1302 2047 lenge,

77 2073 183 2153 inquit,
204 2084 352 2156 portans,
375 2095 442 2137 non
466 2076 578 2138 statim
601 2075 760 2158 naufragii
784 2078 901 2138 timore
926 2076 1096 2158 proiciens
1121 2083 1172 2137 est
1192 2083 1302 2136 autem

83 2182 164 2258 panis
189 2181 329 2244 refectio
353 2184 500 2245 internae
524 2183 714 2259 dulcedinis,
737 2203 838 2264 quarn
861 2184 1043 2264 degustans
1066 2183 1175 2244 anima
1198 2180 1302 2244 fidelis

90 2288 138 2349 ait:
155 2311 259 2371 quam
274 2311 395 2372 niagno
413 2291 583 2354 niultitudo
598 2290 780 2354 dulcedinis
794 2302 876 2365 tuae,
899 2291 1059 2354 Domine!
1081 2289 1167 2353 hunc
1183 2309 1303 2371 panem

91 2396 261 2474 spirituales
285 2399 448 2478 quaedam
471 2419 589 2474 naues,
613 2400 646 2461 id
670 2409 720 2462 est
744 2400 946 2462 credentium
971 2400 1114 2474 animae,
1154 2419 1304 2480 persecu·

59 2502 171 2567 wtionis
196 2514 288 2568 metu
312 2505 499 2583 abicientes,
518 2508 691 2590 ipsamque
714 2506 813 2570 fidem
837 2507 1056 2589 abneganteS,
1079 2506 1304 2588 temporaliter

89 2613 209 2689 quidem
234 2614 375 2675 euadere
399 2614 608 2690 uidebantur,
630 2615 690 2677 sed
715 2616 779 2677 uiui
803 2615 896 2697 panis
920 2622 1069 2695 egestate
1087 2613 1302 2687 tabescentes,

94 2716 277 2783 infidelitatis
308 2721 442 2783 baratro
474 2720 744 2784 absorbebantur.
778 2742 880 2804 porro
911 2720 993 2783 haec
1024 2721 1116 2783 nauis
1146 2720 1222 2783 licet
1245 2742 1304 2802 per

99 2829 247 2891 saeuitiam
265 2829 428 2909 passionis
451 2830 522 2890 uisa
544 2830 586 2890 sit
610 2829 712 2891 oculis
735 2829 956 2912 insipientium
974 2828 1150 2903 absorberi,
1173 2836 1304 2890 seruata

99 2936 192 2995 tamen
205 2937 300 3018 panis
316 2936 365 2997 sui
382 2935 542 3012 alimonia,
563 2946 696 3018 portum
712 2936 828 2999 salutis
844 2945 998 2999 aeternae
1015 2937 1131 2999 meruit
1147 2934 1303 2999 obtinere.

491 3167 803 3232 CAPITVLVM
827 3167 888 3231 VI.

413 3314 509 3374 Laus
533 3334 554 3375 a
576 3314 772 3392 uigiliarum
797 3314 975 3375 industria.

184 3470 228 3533 Et
253 3471 292 3533 de
315 3483 401 3535 iwete
423 3474 579 3546 surrexit,
610 3474 758 3557 deditque
773 3473 936 3557 praedam
960 3472 1139 3535 dmmsticis
1162 3472 1247 3545 setes,
1276 3484 1307 3535 et

86 3576 201 3639 ciboria
224 3579 356 3642 ancillis
378 3582 454 3643 sues.
485 3601 507 3643 o
537 3602 604 3644 non
628 3582 734 3644 solum
761 3581 897 3656 sortem,
928 3582 1030 3643 immo
1061 3588 1094 3642 et
1125 3580 1304 3643 uiolentam

86 3685 263 3748 mulierem!
297 3697 387 3750 recte
419 3709 518 3771 supra
550 3689 673 3752 dictum
705 3699 772 3765 est,
803 3690 879 3770 quia
908 3688 1020 3771 spoliis
1050 3708 1111 3750 non
1143 3688 1304 3770 zmdegebit,

57 3808 160 3853 sucum,
184 3792 294 3856 ethic
317 3796 461 3870 dicatur,
493 3796 584 3878 quod
606 3796 648 3857 de
668 3807 755 3859 nocte
782 3796 943 3870 surrexit,
972 3796 1119 3879 deditque
1142 3796 1304 3877 praedam

86 3895 258 3963 domesticis
290 3902 366 3963 suis,
404 3923 472 3964 non
504 3902 709 3967 sufficiebant
744 3904 924 3967 fortitudini
959 3913 992 3967 et
1027 3904 1201 3967 uiolentiae
1236 3906 1304 3967 eius

85 4010 230 4089 tempora
261 4010 391 4084 diurna,
423 4011 485 4072 nisi
516 4011 710 4093 adiungeret
740 4014 839 4075 etiam
871 4021 1039 4076 nocturna
1070 4013 1229 4075 iucundae
1260 4011 1304 4073 illi

86 4124 173 4177 erant
203 4115 348 4198 uigiliae,
379 4120 544 4201 rapiendis
574 4129 607 4182 et
635 4122 821 4184 diuidendis
844 4120 957 4203 spoliis
980 4121 1157 4202 impensae.
1188 4128 1303 4181 noctes

87 4238 161 4283 uero
176 4224 330 4287 tenebrae
347 4234 423 4288 sunt
439 4229 693 4309 temptationum
710 4228 762 4290 uel
776 4228 1031 4303 tribulationum,
1052 4248 1138 4290 nunc
1155 4226 1303 4289 occultae

60 4344 168 4391 ssnunc
197 4341 306 4394 autern
338 4334 545 4412 manifestae,
577 4336 750 4417 utrobique
780 4344 899 4399 tamen
916 4334 1158 4399 formidolosae.
1176 4355 1303 4397 *uerum

191 4474 414 4537 mmmm
