3167 5025
293 428 296 433 ’
321 426 505 502 'Abraham
530 434 670 522 primurn
694 441 736 502 de
761 442 847 502 ostio
871 441 1072 503 tabernaculi
1087 443 1120 504 in
1136 462 1308 504 occursum
1324 444 1454 505 uenien-

226 547 307 609 tium
330 549 471 610 occurrit
496 548 537 609 ad
562 548 775 622 adorandum,
806 549 925 610 eodem
948 568 1058 611 rursus
1081 550 1206 631 impetu
1229 548 1386 611 festinans
1410 550 1452 611 ad

225 654 473 717 tabernaculum
497 652 597 717 Sarae
621 656 734 718 indicit
758 655 1024 719 accelerandum:
1057 653 1213 728 accelera',
1236 657 1355 737 inquit,
1387 657 1452 719 tim

225 771 298 823 sota
329 762 457 824 similae
487 763 667 835 commisce,
698 773 729 825 et
742 764 806 844 fac
828 762 1052 825 subcinericios
1068 776 1179 845 portes.
1211 765 1284 845 ipse
1306 785 1385 826 uero
1409 765 1452 825 ad

225 877 409 932 armentum
440 890 502 953 pro
525 869 627 932 uitulo
651 870 820 933 afferendo
847 871 996 933 cucurrit.
1028 872 1087 933 sed
1119 872 1195 952 quia
1224 868 1452 934 festinantibus
1479 898 1491 931 s

225 975 318 1039 facile
347 998 517 1059 surrepere
546 978 631 1041 solet
662 978 879 1060 negligentia,
910 987 945 1040 ut
969 980 1060 1059 quod
1083 999 1307 1061 praepropere
1331 978 1452 1041 faciunt

225 1104 371 1165 congrua
394 1085 531 1166 explere
554 1093 719 1167 nequeant
743 1085 927 1166 diligentia,
959 1085 1132 1148 Abraham
1162 1094 1195 1149 et
1219 1086 1260 1148 ab
1284 1085 1349 1148 hoc
1371 1087 1452 1147 uitio

224 1191 356 1253 alienus
370 1192 508 1255 multum
532 1194 665 1273 quidem
689 1193 870 1269 festinauit,
901 1195 960 1256 sed
990 1180 1100 1256 tamen
1125 1195 1215 1274 quod
1239 1194 1353 1255 melius
1382 1202 1452 1255 erat

224 1297 339 1378 elegit:
363 1296 436 1361 tulit
453 1301 538 1361 enim
555 1300 690 1362 uitulum
715 1302 926 1363 tenerrimum
939 1310 972 1362 et
989 1302 1158 1383 optimum.
1182 1321 1264 1383 puer
1287 1302 1385 1362 etiam
1408 1302 1451 1362 ad

223 1404 309 1467 hunc
340 1409 523 1488 parandum
546 1428 638 1469 more
663 1409 786 1471 domini
811 1409 859 1470 sui
886 1407 1039 1470 festinare
1062 1392 1130 1469 non
1152 1409 1293 1486 distulit;
1317 1418 1451 1470 sanetae
1464 1434 1492 1459 10

223 1501 345 1595 quippe
369 1515 555 1577 deuotionis
578 1514 687 1577 feruor
710 1516 857 1579 excludit
881 1517 1001 1590 otium,
1032 1516 1178 1577 desidiae
1206 1516 1329 1578 nullum
1360 1516 1451 1577 relin-

222 1621 291 1700 quit
315 1620 432 1683 locum.
456 1622 591 1684 tandem
622 1624 746 1704 paratis
769 1622 921 1684 omnibus
945 1623 1091 1684 conuiuis
1123 1622 1183 1684 sub
1208 1623 1325 1684 arbore
1349 1624 1451 1684 consi·

222 1728 374 1791 dentibus
399 1731 576 1812 apponitur
598 1730 763 1811 butyrum,
787 1730 888 1793 lacet
912 1730 1040 1804 uitulus,
1064 1738 1150 1791 astat
1174 1750 1285 1792 coram
1310 1732 1356 1791 eis
1379 1732 1451 1812 ipse

221 1834 394 1898 Abraham
419 1846 454 1898 ut
478 1838 624 1899 minister
648 1836 822 1899 officiosus.

327 1942 415 2025 Quid
447 1946 489 2007 ad
520 1953 588 2007 tam
620 1946 726 2007 uarias
758 1955 791 2008 et
825 1946 990 2027 mysteriis
1014 1945 1168 2025 grauidas
1192 1943 1286 2007 huius
1309 1946 1450 2007 conuiuii
1463 1978 1485 2014 ις

221 2044 386 2133 expensas
410 2052 517 2115 dicam
542 2072 606 2133 ego
630 2053 780 2115 modicae
812 2052 888 2114 fidei
920 2052 1038 2134 aliique
1070 2051 1191 2113 similes
1215 2054 1279 2113 mei
1303 2049 1450 2134 spiritua-

220 2157 296 2219 lium
328 2160 497 2240 copiarum
528 2159 644 2239 egeni?
676 2176 749 2241 quo'
774 2162 884 2223 studio
908 2161 1125 2241 susceptionis
1149 2158 1242 2220 buius
1277 2160 1329 2221 uel
1362 2163 1450 2223 mini·

219 2267 308 2327 sterii
331 2268 543 2329 deuotionem
567 2266 783 2329 imitabimur?
808 2288 883 2329 nam
908 2268 969 2329 etsi
986 2268 1118 2349 spiritus
1131 2267 1185 2346 qui
1201 2286 1261 2348 per
1276 2266 1447 2329 Abraham

219 2374 410 2455 designatur
441 2375 482 2435 ad
515 2375 756 2457 suscipiendam
781 2375 910 2436 diuinae
934 2374 1129 2435 uisitationis
1153 2374 1292 2454 gratiam
1318 2396 1447 2457 promp-

218 2489 270 2542 tus
287 2482 492 2558 inueniatur,
524 2488 601 2546 caro
633 2491 752 2558 tamen,
776 2484 867 2545 cuius
892 2477 1009 2565 typum
1033 2480 1114 2545 Sara
1137 2491 1296 2562 gesserat,
1320 2482 1484 2544 infirmam>

217 2598 250 2650 et
274 2593 491 2672 corruptionis
515 2613 593 2654 suae
617 2593 765 2674 pondere
789 2601 928 2672 grauata
950 2592 1083 2672 insuper
1107 2598 1139 2651 et
1159 2591 1293 2652 inolitae
1307 2591 1443 2671 prauita-

216 2701 258 2760 tis
282 2699 517 2761 consuetudine
542 2700 700 2780 depressa
724 2699 765 2760 ad
790 2699 1021 2779 exequendam
1045 2697 1128 2758 illius
1160 2682 1361 2759 alacritatem
1391 2717 1444 2757 ne·

216 2797 389 2890 quaquam
405 2807 547 2887 erigitur.
579 2806 684 2868 simila
707 2826 795 2880 uer0,
820 2827 904 2886 quae
928 2814 978 2867 est
1002 2805 1100 2867 tritici
1125 2803 1267 2866 medulla
1291 2806 1333 2866 ab
1357 2806 1446 2866 omni

216 2916 438 2999 grossitudine
463 2922 651 2988 extenuata,
675 2915 800 2995 puritas
824 2921 857 2974 et
881 2911 1073 2995 simplicitas
1096 2931 1250 2973 sensuum
1269 2921 1318 2974 est
1332 2910 1446 2973 intelli-

216 3025 333 3106 genda.
366 3023 407 3084 cle
432 3042 496 3103 qua
520 3022 666 3084 uideritis
690 3042 766 3096 uos,
798 3042 818 3083 o
845 3021 939 3083 amici
963 3021 1092 3101 sponsi,
1125 3020 1151 3080 si
1174 3028 1291 3100 parata
1315 3040 1446 3101 semper
1457 3048 1484 3083 25

214 3132 303 3214 apud
334 3151 394 3193 uos
425 3131 608 3192 inueniatur
639 3138 672 3192 et
704 3130 830 3191 sincera
852 3131 894 3190 in
924 3128 994 3190 eius
1027 3127 1179 3190 conuiuio
1203 3127 1303 3207 digne
1327 3147 1446 3210 propo·

213 3240 331 3313 nenda,
355 3240 382 3300 si
405 3239 521 3320 butyri,
540 3239 618 3301 assit
643 3239 747 3320 copia,
771 3257 839 3318 quo
861 3237 945 3299 se'cut
966 3237 1063 3317 adipe
1077 3245 1108 3298 et
1115 3234 1313 3316 pzizgreedme
1328 3234 1444 3315 repleo-

213 3357 268 3407 mr
289 3346 401 3407 areima
418 3331 536 3408 uestra.
560 3345 721 3407 attendite
745 3343 933 3406 affluentem
956 3344 1082 3424 gratiae
1098 3340 1192 3403 huius
1208 3341 1444 3403 abundantiam

213 3455 245 3515 in
270 3473 310 3515 eo
334 3453 389 3533 qui
413 3454 513 3515 dixit:
537 3453 609 3533 quis
632 3451 717 3513 milm
737 3451 864 3521 tm'briot,
888 3460 925 3512 ut
945 3449 1007 3513 sim
1032 3441 1126 3511 iuxto
1145 3466 1267 3509 memes
1275 3448 1442 3529 pm'stinos

211 3548 295 3622 sicot
308 3561 371 3641 sm'
391 3561 424 3621 in
443 3546 558 3622 ‘diebus
581 3559 812 3621 adolescentiae
834 3579 936 3630 meae,
968 3557 1097 3639 quondo
1121 3565 1237 3617 secreto
1259 3555 1350 3617 Deus
1372 3567 1477 3620 cratae

212 3662 259 3729 m?
277 3667 480 3730 tabernaculo
510 3687 595 3728 meo:
626 3665 755 3748 quondo
778 3665 933 3728 lauabam
951 3649 1049 3746 pedes
1068 3648 1156 3726 ‘ineos
1178 3647 1325 3743 butm‘of
1340 3673 1441 3745 porro

212 3776 297 3838 lacte
320 3776 384 3838 iam
409 3775 533 3837 dudum
548 3774 724 3837 'abundare
748 3774 920 3855 coepistiS,
944 3792 988 3834 ex
1012 3790 1078 3852 quo
1102 3769 1254 3832 uidelicet
1278 3769 1441 3832 conditori
1468 3788 1472 3794 ’

211 3884 371 3946 ueraciter
402 3883 510 3945 dicere
542 3881 710 3963 potuistis:
741 3881 825 3942 siem
846 3880 898 3942 lac
920 3878 1063 3941 mulsisti
1091 3897 1155 3948 me,
1186 3877 1219 3939 id
1252 3887 1320 3951 est,
1351 3870 1440 3959 post·

211 3977 322 4073 quam'
341 3991 383 4052 ab
414 4009 473 4050 usu
506 3989 655 4051 uetustae
687 3988 946 4050 conuersationis
978 3986 1135 4048 abstracti
1165 3985 1198 4046 in
1221 3984 1440 4047 teneritudine

211 4120 249 4162 ac
273 4097 451 4160 subtilitate
469 4104 602 4158 sanctae
618 4096 774 4157 nouitatis
790 4087 922 4156 formari
938 4093 1108 4154 meruistis
1132 4092 1178 4153 sic
1195 4092 1282 4153 enim
1298 4092 1438 4173 primum
1450 4121 1475 4156 as

210 4208 260 4271 ad
277 4206 423 4268 edendas
448 4203 537 4266 uituli
561 4204 727 4266 tenerrimi
751 4211 795 4263 et·
809 4201 924 4283 optimi
944 4219 1060 4263 carnes
1075 4200 1219 4273 uenistis;
1244 4218 1284 4260 eo
1308 4190 1370 4260 ritu
1394 4200 1437 4260 ad

315 4364 339 4411 4.
366 4349 430 4398 (len.
461 4345 499 4408 18,
526 4344 550 4394 ὁ.
574 4351 616 4382 -“
634 4343 658 4394 l).
683 4345 738 4393 cod.
766 4345 898 4408 surripere.
919 4372 954 4380 —-
973 4341 1014 4393 28.
1035 4344 1075 4392 Ps.
1096 4309 1137 4404 lie,
1159 4340 1182 4392 ὁ.
1203 4371 1238 4378 -
1258 4316 1436 4406 3¹1.J0b29‚

209 4435 285 4489 2-6.
302 4466 331 4476 -
348 4439 453 4502 331J0h
470 4451 508 4498 10,
532 4449 572 4484 10.
594 4455 597 4462 ·
690 4440 693 4450 ’
1265 4447 1269 4452 ·
