<?xml version="1.0" encoding="UTF-8"?>
<!DOCTYPE html PUBLIC "-//W3C//DTD XHTML 1.0 Transitional//EN"
    "http://www.w3.org/TR/xhtml1/DTD/xhtml1-transitional.dtd">
<html xmlns="http://www.w3.org/1999/xhtml" xml:lang="en" lang="en">
 <head>
  <title>
</title>
<meta http-equiv="Content-Type" content="text/html;charset=utf-8" />
  <meta name='ocr-system' content='tesseract 3.04.00' />
  <meta name='ocr-capabilities' content='ocr_page ocr_carea ocr_par ocr_line ocrx_word'/>
</head>
<body>
  <div class='ocr_page' id='page_1' title='image "./tutonismonachio00rubagoog_0145.png"; bbox 0 0 3167 5025; ppageno 0'>
   <div class='ocr_carea' id='block_1_1' title="bbox 1304 223 1365 293">
    <p class='ocr_par' dir='ltr' id='par_1_1' title="bbox 1304 223 1365 293">
     <span class='ocr_line' id='line_1_1' title="bbox 1304 223 1365 293; baseline -0.082 -12"><span class='ocrx_word' id='word_1_1' title='bbox 1304 223 1365 293; x_wconf 81' lang='lat'>123</span> 
     </span>
    </p>
   </div>
   <div class='ocr_carea' id='block_1_2' title="bbox 105 397 1368 2634">
    <p class='ocr_par' dir='ltr' id='par_1_2' title="bbox 105 397 1368 2634">
     <span class='ocr_line' id='line_1_2' title="bbox 142 397 1367 487; baseline 0.008 -28"><span class='ocrx_word' id='word_1_2' title='bbox 142 405 311 479; x_wconf 78' lang='lat' dir='ltr'>rumperet</span> <span class='ocrx_word' id='word_1_3' title='bbox 342 397 538 462; x_wconf 82' lang='lat' dir='ltr'>funiculum?</span> <span class='ocrx_word' id='word_1_4' title='bbox 569 401 681 464; x_wconf 86' lang='lat' dir='ltr'>mouet</span> <span class='ocrx_word' id='word_1_5' title='bbox 708 400 824 464; x_wconf 83' lang='lat' dir='ltr'>&#39;tamen</span> <span class='ocrx_word' id='word_1_6' title='bbox 853 401 958 466; x_wconf 88' lang='lat' dir='ltr'>hostis</span> <span class='ocrx_word' id='word_1_7' title='bbox 975 397 1117 468; x_wconf 59' lang='lat' dir='ltr'>&#39;callidus</span> <span class='ocrx_word' id='word_1_8' title='bbox 1140 405 1291 487; x_wconf 82' lang='lat' dir='ltr'>antiquas</span> <span class='ocrx_word' id='word_1_9' title='bbox 1314 428 1367 468; x_wconf 90' lang='lat' dir='ltr'>ne·</span> 
     </span>
     <span class='ocr_line' id='line_1_3' title="bbox 140 506 1368 594; baseline 0.008 -28"><span class='ocrx_word' id='word_1_10' title='bbox 140 506 266 586; x_wconf 82' lang='lat' dir='ltr'>quitiae</span> <span class='ocrx_word' id='word_1_11' title='bbox 289 508 367 567; x_wconf 85' lang='lat' dir='ltr'>suae</span> <span class='ocrx_word' id='word_1_12' title='bbox 391 507 573 583; x_wconf 74' lang='lat' dir='ltr'>machinaS,</span> <span class='ocrx_word' id='word_1_13' title='bbox 605 508 683 571; x_wconf 89' lang='lat' dir='ltr'>nihil</span> <span class='ocrx_word' id='word_1_14' title='bbox 707 511 937 592; x_wconf 90' lang='lat' dir='ltr'>intemptatum</span> <span class='ocrx_word' id='word_1_15' title='bbox 967 511 1133 593; x_wconf 78' lang='lat' dir='ltr'><strong>relinquit,</strong></span> <span class='ocrx_word' id='word_1_16' title='bbox 1164 533 1230 594; x_wconf 92' lang='lat' dir='ltr'>quo</span> <span class='ocrx_word' id='word_1_17' title='bbox 1253 521 1368 576; x_wconf 89' lang='lat' dir='ltr'>sancta</span> 
     </span>
     <span class='ocr_line' id='line_1_4' title="bbox 139 609 590 678; baseline 0.013 -6"><span class='ocrx_word' id='word_1_18' title='bbox 139 609 199 673; x_wconf 93' lang='lat' dir='ltr'>illa</span> <span class='ocrx_word' id='word_1_19' title='bbox 212 611 418 676; x_wconf 81' lang='lat' dir='ltr'>&#39;dissoluatur</span> <span class='ocrx_word' id='word_1_20' title='bbox 441 617 590 678; x_wconf 86' lang='lat' dir='ltr'>societas</span> 
     </span>
     <span class='ocr_line' id='line_1_5' title="bbox 180 722 1367 808; baseline 0.005 -25"><span class='ocrx_word' id='word_1_21' title='bbox 180 762 183 770; x_wconf 69' lang='lat'>,</span> <span class='ocrx_word' id='word_1_22' title='bbox 251 722 350 784; x_wconf 85' lang='lat' dir='ltr'>Pater</span> <span class='ocrx_word' id='word_1_23' title='bbox 378 723 464 784; x_wconf 92' lang='lat' dir='ltr'>enim</span> <span class='ocrx_word' id='word_1_24' title='bbox 495 723 674 786; x_wconf 87' lang='lat' dir='ltr'>beatissimi</span> <span class='ocrx_word' id='word_1_25' title='bbox 704 726 797 808; x_wconf 92' lang='lat' dir='ltr'>pueri</span> <span class='ocrx_word' id='word_1_26' title='bbox 828 724 935 805; x_wconf 84' lang='lat' dir='ltr'>Hylas</span> <span class='ocrx_word' id='word_1_27' title='bbox 965 727 1112 800; x_wconf 93' lang='lat' dir='ltr'>nomine,</span> <span class='ocrx_word' id='word_1_28' title='bbox 1144 728 1278 808; x_wconf 88' lang='lat' dir='ltr'>cognita</span> <span class='ocrx_word' id='word_1_29' title='bbox 1312 726 1367 790; x_wconf 88' lang='lat' dir='ltr'>filii</span> 
     </span>
     <span class='ocr_line' id='line_1_6' title="bbox 107 826 1367 915; baseline 0.009 -28"><span class='ocrx_word' id='word_1_30' title='bbox 107 826 310 908; x_wconf 49' lang='lat' dir='ltr'>¹sreligione,</span> <span class='ocrx_word' id='word_1_31' title='bbox 333 831 521 912; x_wconf 85' lang='lat' dir='ltr'>indignatur</span> <span class='ocrx_word' id='word_1_32' title='bbox 545 833 635 895; x_wconf 89' lang='lat' dir='ltr'>dolet</span> <span class='ocrx_word' id='word_1_33' title='bbox 660 833 872 915; x_wconf 89' lang='lat' dir='ltr'>angustiatur,</span> <span class='ocrx_word' id='word_1_34' title='bbox 895 829 985 897; x_wconf 87' lang='lat' dir='ltr'>uaria</span> <span class='ocrx_word' id='word_1_35' title='bbox 1008 836 1050 898; x_wconf 91' lang='lat' dir='ltr'>ad</span> <span class='ocrx_word' id='word_1_36' title='bbox 1075 836 1277 897; x_wconf 88' lang='lat' dir='ltr'>euersionem</span> <span class='ocrx_word' id='word_1_37' title='bbox 1299 831 1367 898; x_wconf 81' lang='lat' dir='ltr'>eius</span> 
     </span>
     <span class='ocr_line' id='line_1_7' title="bbox 141 935 1367 1025; baseline 0.007 -29"><span class='ocrx_word' id='word_1_38' title='bbox 141 935 375 1017; x_wconf 87' lang='lat' dir='ltr'>deceptionum</span> <span class='ocrx_word' id='word_1_39' title='bbox 400 939 534 1002; x_wconf 89' lang='lat' dir='ltr'>artificia</span> <span class='ocrx_word' id='word_1_40' title='bbox 557 947 673 1023; x_wconf 84' lang='lat' dir='ltr'>utpote</span> <span class='ocrx_word' id='word_1_41' title='bbox 697 941 827 1022; x_wconf 89' lang='lat' dir='ltr'>gentilis</span> <span class='ocrx_word' id='word_1_42' title='bbox 844 943 1038 1004; x_wconf 61' lang='lat' dir='ltr'>meditatur:</span> <span class='ocrx_word' id='word_1_43' title='bbox 1052 960 1228 1024; x_wconf 88' lang='lat' dir='ltr'>prauorum</span> <span class='ocrx_word' id='word_1_44' title='bbox 1245 944 1367 1025; x_wconf 87' lang='lat' dir='ltr'>quippe</span> 
     </span>
     <span class='ocr_line' id='line_1_8' title="bbox 140 1045 1367 1132; baseline 0.007 -29"><span class='ocrx_word' id='word_1_45' title='bbox 140 1045 341 1124; x_wconf 89' lang='lat' dir='ltr'>peruersitas</span> <span class='ocrx_word' id='word_1_46' title='bbox 365 1065 572 1128; x_wconf 86' lang='lat' dir='ltr'>nequaquam</span> <span class='ocrx_word' id='word_1_47' title='bbox 596 1049 662 1110; x_wconf 90' lang='lat' dir='ltr'>suis</span> <span class='ocrx_word' id='word_1_48' title='bbox 687 1057 844 1112; x_wconf 87' lang='lat' dir='ltr'>contenta</span> <span class='ocrx_word' id='word_1_49' title='bbox 865 1049 960 1111; x_wconf 92' lang='lat' dir='ltr'>malis</span> <span class='ocrx_word' id='word_1_50' title='bbox 983 1050 1078 1112; x_wconf 88' lang='lat' dir='ltr'>bonis</span> <span class='ocrx_word' id='word_1_51' title='bbox 1097 1069 1228 1132; x_wconf 88' lang='lat' dir='ltr'>semper</span> <span class='ocrx_word' id='word_1_52' title='bbox 1243 1051 1367 1112; x_wconf 89' lang='lat' dir='ltr'>inuidet</span> 
     </span>
     <span class='ocr_line' id='line_1_9' title="bbox 141 1148 1367 1231; baseline 0.007 -21"><span class='ocrx_word' id='word_1_53' title='bbox 141 1148 264 1226; x_wconf 70' lang='lat' dir='ltr'>alienis</span> <span class='ocrx_word' id='word_1_54' title='bbox 293 1155 354 1214; x_wconf 87' lang='lat' dir='ltr'>nec</span> <span class='ocrx_word' id='word_1_55' title='bbox 378 1154 457 1216; x_wconf 89' lang='lat' dir='ltr'>satis</span> <span class='ocrx_word' id='word_1_56' title='bbox 481 1155 610 1217; x_wconf 90' lang='lat' dir='ltr'>uidetur</span> <span class='ocrx_word' id='word_1_57' title='bbox 633 1156 694 1218; x_wconf 91' lang='lat' dir='ltr'>sibi</span> <span class='ocrx_word' id='word_1_58' title='bbox 718 1166 893 1220; x_wconf 85' lang='lat' dir='ltr'>nocentem</span> <span class='ocrx_word' id='word_1_59' title='bbox 916 1177 997 1231; x_wconf 90' lang='lat' dir='ltr'>esse,</span> <span class='ocrx_word' id='word_1_60' title='bbox 1029 1157 1089 1218; x_wconf 91' lang='lat' dir='ltr'>nisi</span> <span class='ocrx_word' id='word_1_61' title='bbox 1111 1157 1211 1218; x_wconf 90' lang='lat' dir='ltr'>etiam</span> <span class='ocrx_word' id='word_1_62' title='bbox 1235 1157 1367 1219; x_wconf 89' lang='lat' dir='ltr'>alterius</span> 
     </span>
     <span class='ocr_line' id='line_1_10' title="bbox 141 1257 1367 1346; baseline 0.007 -28"><span class='ocrx_word' id='word_1_63' title='bbox 141 1257 263 1320; x_wconf 82' lang='lat' dir='ltr'>noceat</span> <span class='ocrx_word' id='word_1_64' title='bbox 293 1259 507 1324; x_wconf 85' lang='lat' dir='ltr'>innocentiae.</span> <span class='ocrx_word' id='word_1_65' title='bbox 540 1263 646 1344; x_wconf 92' lang='lat' dir='ltr'>primo</span> <span class='ocrx_word' id='word_1_66' title='bbox 670 1264 768 1344; x_wconf 90' lang='lat' dir='ltr'>igitur</span> <span class='ocrx_word' id='word_1_67' title='bbox 790 1264 897 1345; x_wconf 91' lang='lat' dir='ltr'>ipsum</span> <span class='ocrx_word' id='word_1_68' title='bbox 926 1263 1115 1345; x_wconf 88' lang='lat' dir='ltr'>alloquitur,</span> <span class='ocrx_word' id='word_1_69' title='bbox 1146 1263 1268 1326; x_wconf 91' lang='lat' dir='ltr'>blanda</span> <span class='ocrx_word' id='word_1_70' title='bbox 1298 1285 1367 1346; x_wconf 90' lang='lat' dir='ltr'>per-</span> 
     </span>
     <span class='ocr_line' id='line_1_11' title="bbox 105 1367 1367 1455; baseline 0.007 -30"><span class='ocrx_word' id='word_1_71' title='bbox 105 1385 132 1414; x_wconf 82' lang='lat'>10</span> <span class='ocrx_word' id='word_1_72' title='bbox 141 1367 293 1428; x_wconf 90' lang='lat' dir='ltr'>suasione</span> <span class='ocrx_word' id='word_1_73' title='bbox 317 1368 474 1448; x_wconf 88' lang='lat' dir='ltr'>puerilem</span> <span class='ocrx_word' id='word_1_74' title='bbox 498 1379 533 1432; x_wconf 90' lang='lat' dir='ltr'>ut</span> <span class='ocrx_word' id='word_1_75' title='bbox 557 1371 729 1433; x_wconf 89' lang='lat' dir='ltr'>uidebatur</span> <span class='ocrx_word' id='word_1_76' title='bbox 751 1391 883 1434; x_wconf 88' lang='lat' dir='ltr'>sensum</span> <span class='ocrx_word' id='word_1_77' title='bbox 899 1371 1132 1433; x_wconf 90' lang='lat' dir='ltr'>circumuenire</span> <span class='ocrx_word' id='word_1_78' title='bbox 1147 1372 1266 1433; x_wconf 91' lang='lat' dir='ltr'>nititur.</span> <span class='ocrx_word' id='word_1_79' title='bbox 1290 1392 1367 1455; x_wconf 88' lang='lat' dir='ltr'>quo·-</span> 
     </span>
     <span class='ocr_line' id='line_1_12' title="bbox 142 1473 1367 1559; baseline 0.006 -26"><span class='ocrx_word' id='word_1_80' title='bbox 142 1475 260 1534; x_wconf 77' lang='lat' dir='ltr'>c&#39;on&#39;tra</span> <span class='ocrx_word' id='word_1_81' title='bbox 289 1473 405 1538; x_wconf 89' lang='lat' dir='ltr'>beatus</span> <span class='ocrx_word' id='word_1_82' title='bbox 436 1497 518 1558; x_wconf 89' lang='lat' dir='ltr'>puer</span> <span class='ocrx_word' id='word_1_83' title='bbox 548 1479 706 1559; x_wconf 90' lang='lat' dir='ltr'>pueritiae</span> <span class='ocrx_word' id='word_1_84' title='bbox 737 1487 842 1540; x_wconf 91' lang='lat' dir='ltr'>metas</span> <span class='ocrx_word' id='word_1_85' title='bbox 874 1479 964 1541; x_wconf 91' lang='lat' dir='ltr'>canis</span> <span class='ocrx_word' id='word_1_86' title='bbox 994 1479 1059 1540; x_wconf 92' lang='lat' dir='ltr'>iam</span> <span class='ocrx_word' id='word_1_87' title='bbox 1090 1477 1239 1540; x_wconf 89' lang='lat' dir='ltr'>sensibus</span> <span class='ocrx_word' id='word_1_88' title='bbox 1267 1488 1367 1541; x_wconf 89' lang='lat' dir='ltr'>trans·</span> 
     </span>
     <span class='ocr_line' id='line_1_13' title="bbox 137 1581 1367 1667; baseline 0.006 -26"><span class='ocrx_word' id='word_1_89' title='bbox 137 1581 319 1657; x_wconf 82' lang='lat' dir='ltr'>scendenS,</span> <span class='ocrx_word' id='word_1_90' title='bbox 352 1584 507 1647; x_wconf 88' lang='lat' dir='ltr'>traditam</span> <span class='ocrx_word' id='word_1_91' title='bbox 537 1584 599 1646; x_wconf 92' lang='lat' dir='ltr'>sibi</span> <span class='ocrx_word' id='word_1_92' title='bbox 629 1584 705 1648; x_wconf 88' lang='lat' dir='ltr'>fidei</span> <span class='ocrx_word' id='word_1_93' title='bbox 736 1586 883 1667; x_wconf 87' lang='lat' dir='ltr'>regulam</span> <span class='ocrx_word' id='word_1_94' title='bbox 915 1594 1106 1648; x_wconf 88' lang='lat' dir='ltr'>constanter</span> <span class='ocrx_word' id='word_1_95' title='bbox 1129 1586 1303 1662; x_wconf 79' lang='lat' dir='ltr'>afferebat,</span> <span class='ocrx_word' id='word_1_96' title='bbox 1334 1595 1367 1648; x_wconf 88' lang='lat' dir='ltr'>et</span> 
     </span>
     <span class='ocr_line' id='line_1_14' title="bbox 140 1689 1367 1776; baseline 0.003 -25"><span class='ocrx_word' id='word_1_97' title='bbox 140 1689 314 1772; x_wconf 84' lang='lat' dir='ltr'>profanam</span> <span class='ocrx_word' id='word_1_98' title='bbox 337 1690 500 1753; x_wconf 90' lang='lat' dir='ltr'>idolorum</span> <span class='ocrx_word' id='word_1_99' title='bbox 524 1692 683 1755; x_wconf 89' lang='lat' dir='ltr'>culturam</span> <span class='ocrx_word' id='word_1_100' title='bbox 708 1713 859 1756; x_wconf 88' lang='lat' dir='ltr'>sermone</span> <span class='ocrx_word' id='word_1_101' title='bbox 883 1694 1036 1776; x_wconf 86' lang='lat' dir='ltr'>prudenti</span> <span class='ocrx_word' id='word_1_102' title='bbox 1060 1693 1249 1755; x_wconf 89' lang='lat' dir='ltr'>euacuabat.</span> <span class='ocrx_word' id='word_1_103' title='bbox 1272 1703 1367 1775; x_wconf 90' lang='lat' dir='ltr'>pater</span> 
     </span>
     <span class='ocr_line' id='line_1_15' title="bbox 138 1798 1367 1882; baseline 0.003 -24"><span class='ocrx_word' id='word_1_104' title='bbox 138 1815 222 1860; x_wconf 90' lang='lat' dir='ltr'>uero</span> <span class='ocrx_word' id='word_1_105' title='bbox 258 1798 514 1860; x_wconf 87' lang='lat' dir='ltr'>constantiorem</span> <span class='ocrx_word' id='word_1_106' title='bbox 555 1801 664 1863; x_wconf 88' lang='lat' dir='ltr'>animo</span> <span class='ocrx_word' id='word_1_107' title='bbox 702 1801 903 1882; x_wconf 87' lang='lat' dir='ltr'>paratiorem</span> <span class='ocrx_word' id='word_1_108' title='bbox 941 1820 1102 1882; x_wconf 89' lang='lat' dir='ltr'>responso</span> <span class='ocrx_word' id='word_1_109' title='bbox 1141 1819 1240 1882; x_wconf 91' lang='lat' dir='ltr'>quarn</span> <span class='ocrx_word' id='word_1_110' title='bbox 1275 1803 1367 1863; x_wconf 89' lang='lat' dir='ltr'>aesti-</span> 
     </span>
     <span class='ocr_line' id='line_1_16' title="bbox 105 1905 1367 1987; baseline 0.009 -28"><span class='ocrx_word' id='word_1_111' title='bbox 105 1933 130 1970; x_wconf 88' lang='lat'>15</span> <span class='ocrx_word' id='word_1_112' title='bbox 141 1913 290 1966; x_wconf 89' lang='lat' dir='ltr'>mauerat</span> <span class='ocrx_word' id='word_1_113' title='bbox 315 1914 487 1987; x_wconf 76' lang='lat' dir='ltr'>expertuS,</span> <span class='ocrx_word' id='word_1_114' title='bbox 516 1907 546 1967; x_wconf 92' lang='lat' dir='ltr'>in</span> <span class='ocrx_word' id='word_1_115' title='bbox 572 1915 705 1969; x_wconf 91' lang='lat' dir='ltr'>catomo</span> <span class='ocrx_word' id='word_1_116' title='bbox 729 1905 873 1968; x_wconf 88' lang='lat' dir='ltr'>leuatum</span> <span class='ocrx_word' id='word_1_117' title='bbox 897 1907 1088 1969; x_wconf 90' lang='lat' dir='ltr'>uerberibus</span> <span class='ocrx_word' id='word_1_118' title='bbox 1112 1905 1196 1969; x_wconf 81' lang='lat' dir='ltr'>affici</span> <span class='ocrx_word' id='word_1_119' title='bbox 1220 1908 1316 1970; x_wconf 89' lang='lat' dir='ltr'>iubet.</span> <span class='ocrx_word' id='word_1_120' title='bbox 1347 1928 1367 1970; x_wconf 89' lang='lat' dir='ltr'>a</span> 
     </span>
     <span class='ocr_line' id='line_1_17' title="bbox 140 2012 1366 2096; baseline 0.002 -23"><span class='ocrx_word' id='word_1_121' title='bbox 140 2013 343 2094; x_wconf 88' lang='lat' dir='ltr'>principibus</span> <span class='ocrx_word' id='word_1_122' title='bbox 367 2032 498 2096; x_wconf 90' lang='lat' dir='ltr'>quoque</span> <span class='ocrx_word' id='word_1_123' title='bbox 515 2012 723 2076; x_wconf 90' lang='lat' dir='ltr'>Diocletiano</span> <span class='ocrx_word' id='word_1_124' title='bbox 748 2023 781 2075; x_wconf 93' lang='lat' dir='ltr'>et</span> <span class='ocrx_word' id='word_1_125' title='bbox 805 2015 1017 2089; x_wconf 84' lang='lat' dir='ltr'>Maximiano,</span> <span class='ocrx_word' id='word_1_126' title='bbox 1041 2015 1096 2095; x_wconf 91' lang='lat' dir='ltr'>qui</span> <span class='ocrx_word' id='word_1_127' title='bbox 1113 2035 1152 2075; x_wconf 91' lang='lat' dir='ltr'>ea</span> <span class='ocrx_word' id='word_1_128' title='bbox 1167 2023 1366 2096; x_wconf 86' lang='lat' dir='ltr'>tempestate</span> 
     </span>
     <span class='ocr_line' id='line_1_18' title="bbox 139 2119 1366 2203; baseline 0.002 -22"><span class='ocrx_word' id='word_1_129' title='bbox 139 2119 341 2200; x_wconf 85' lang='lat' dir='ltr'>regnabant,</span> <span class='ocrx_word' id='word_1_130' title='bbox 369 2121 493 2182; x_wconf 92' lang='lat' dir='ltr'>maiora</span> <span class='ocrx_word' id='word_1_131' title='bbox 516 2121 545 2182; x_wconf 90' lang='lat' dir='ltr'>ei</span> <span class='ocrx_word' id='word_1_132' title='bbox 569 2120 728 2203; x_wconf 88' lang='lat' dir='ltr'>supplicia</span> <span class='ocrx_word' id='word_1_133' title='bbox 751 2121 919 2183; x_wconf 82' lang='lat' dir='ltr'>inferenda</span> <span class='ocrx_word' id='word_1_134' title='bbox 943 2122 1175 2196; x_wconf 86' lang='lat' dir='ltr'>comminatur,</span> <span class='ocrx_word' id='word_1_135' title='bbox 1198 2141 1283 2203; x_wconf 91' lang='lat' dir='ltr'>quae</span> <span class='ocrx_word' id='word_1_136' title='bbox 1306 2124 1366 2184; x_wconf 92' lang='lat' dir='ltr'>nisi</span> 
     </span>
     <span class='ocr_line' id='line_1_19' title="bbox 137 2228 1365 2311; baseline 0.001 -21"><span class='ocrx_word' id='word_1_137' title='bbox 137 2229 313 2309; x_wconf 83' lang='lat' dir='ltr'>¹resipuerit</span> <span class='ocrx_word' id='word_1_138' title='bbox 336 2229 408 2310; x_wconf 90' lang='lat' dir='ltr'>ipsa</span> <span class='ocrx_word' id='word_1_139' title='bbox 431 2229 565 2290; x_wconf 91' lang='lat' dir='ltr'>tandem</span> <span class='ocrx_word' id='word_1_140' title='bbox 590 2237 695 2290; x_wconf 91' lang='lat' dir='ltr'>morte</span> <span class='ocrx_word' id='word_1_141' title='bbox 719 2228 863 2292; x_wconf 89' lang='lat' dir='ltr'>finienda</span> <span class='ocrx_word' id='word_1_142' title='bbox 885 2238 1095 2311; x_wconf 90' lang='lat' dir='ltr'>protestatur.</span> <span class='ocrx_word' id='word_1_143' title='bbox 1127 2229 1246 2291; x_wconf 90' lang='lat' dir='ltr'>deinde</span> <span class='ocrx_word' id='word_1_144' title='bbox 1269 2229 1365 2291; x_wconf 90' lang='lat' dir='ltr'>aliam</span> 
     </span>
     <span class='ocr_line' id='line_1_20' title="bbox 139 2330 1365 2419; baseline 0.002 -23"><span class='ocrx_word' id='word_1_145' title='bbox 139 2351 214 2396; x_wconf 87' lang='lat' dir='ltr'>sese</span> <span class='ocrx_word' id='word_1_146' title='bbox 238 2335 401 2396; x_wconf 89' lang='lat' dir='ltr'>inuenisse</span> <span class='ocrx_word' id='word_1_147' title='bbox 425 2345 514 2397; x_wconf 88' lang='lat' dir='ltr'>ratus</span> <span class='ocrx_word' id='word_1_148' title='bbox 538 2337 828 2419; x_wconf 89' lang='lat' dir='ltr'>opportunitatem,</span> <span class='ocrx_word' id='word_1_149' title='bbox 858 2345 895 2397; x_wconf 95' lang='lat' dir='ltr'>ut</span> <span class='ocrx_word' id='word_1_150' title='bbox 918 2336 1107 2419; x_wconf 88' lang='lat' dir='ltr'>paedagogi</span> <span class='ocrx_word' id='word_1_151' title='bbox 1130 2330 1267 2398; x_wconf 90' lang='lat' dir='ltr'>consilio</span> <span class='ocrx_word' id='word_1_152' title='bbox 1290 2358 1365 2418; x_wconf 90' lang='lat' dir='ltr'>pue·</span> 
     </span>
     <span class='ocr_line' id='line_1_21' title="bbox 106 2442 1365 2525; baseline 0.002 -22"><span class='ocrx_word' id='word_1_153' title='bbox 106 2463 212 2503; x_wconf 67' lang='lat' dir='ltr'>rorum</span> <span class='ocrx_word' id='word_1_154' title='bbox 238 2442 411 2504; x_wconf 90' lang='lat' dir='ltr'>seduceret</span> <span class='ocrx_word' id='word_1_155' title='bbox 434 2463 453 2504; x_wconf 92' lang='lat' dir='ltr'>a</span> <span class='ocrx_word' id='word_1_156' title='bbox 476 2445 665 2525; x_wconf 92' lang='lat' dir='ltr'>proposito,</span> <span class='ocrx_word' id='word_1_157' title='bbox 694 2444 857 2505; x_wconf 89' lang='lat' dir='ltr'>seniorem</span> <span class='ocrx_word' id='word_1_158' title='bbox 882 2443 1089 2524; x_wconf 84' lang='lat' dir='ltr'>aggreditur,</span> <span class='ocrx_word' id='word_1_159' title='bbox 1113 2443 1154 2504; x_wconf 90' lang='lat' dir='ltr'>de</span> <span class='ocrx_word' id='word_1_160' title='bbox 1178 2442 1232 2504; x_wconf 88' lang='lat' dir='ltr'>filii</span> <span class='ocrx_word' id='word_1_161' title='bbox 1256 2463 1365 2505; x_wconf 89' lang='lat' dir='ltr'>errore</span> 
     </span>
     <span class='ocr_line' id='line_1_22' title="bbox 140 2548 1365 2634; baseline 0.001 -22"><span class='ocrx_word' id='word_1_162' title='bbox 140 2552 220 2613; x_wconf 91' lang='lat' dir='ltr'>satis</span> <span class='ocrx_word' id='word_1_163' title='bbox 245 2548 470 2632; x_wconf 90' lang='lat' dir='ltr'>conqueritur,</span> <span class='ocrx_word' id='word_1_164' title='bbox 498 2572 518 2613; x_wconf 92' lang='lat' dir='ltr'>a</span> <span class='ocrx_word' id='word_1_165' title='bbox 540 2572 606 2634; x_wconf 92' lang='lat' dir='ltr'>quo</span> <span class='ocrx_word' id='word_1_166' title='bbox 630 2571 704 2613; x_wconf 89' lang='lat' dir='ltr'>eum</span> <span class='ocrx_word' id='word_1_167' title='bbox 729 2552 896 2614; x_wconf 89' lang='lat' dir='ltr'>emendari</span> <span class='ocrx_word' id='word_1_168' title='bbox 920 2561 953 2613; x_wconf 91' lang='lat' dir='ltr'>et</span> <span class='ocrx_word' id='word_1_169' title='bbox 977 2552 1019 2613; x_wconf 91' lang='lat' dir='ltr'>ad</span> <span class='ocrx_word' id='word_1_170' title='bbox 1043 2549 1181 2613; x_wconf 85' lang='lat' dir='ltr'>deoru&#39;m</span> <span class='ocrx_word' id='word_1_171' title='bbox 1205 2550 1365 2613; x_wconf 90' lang='lat' dir='ltr'>culturam</span> 
     </span>
    </p>
   </div>
   <div class='ocr_carea' id='block_1_3' title="bbox 140 2654 1459 2742">
    <p class='ocr_par' dir='ltr' id='par_1_3' title="bbox 140 2654 1459 2742">
     <span class='ocr_line' id='line_1_23' title="bbox 140 2654 1459 2742; baseline 0.002 -24"><span class='ocrx_word' id='word_1_172' title='bbox 140 2658 314 2721; x_wconf 84' lang='lat' dir='ltr'>reformari¹</span> <span class='ocrx_word' id='word_1_173' title='bbox 333 2668 494 2741; x_wconf 90' lang='lat' dir='ltr'>precatur.</span> <span class='ocrx_word' id='word_1_174' title='bbox 519 2658 664 2742; x_wconf 89' lang='lat' dir='ltr'>prouide,</span> <span class='ocrx_word' id='word_1_175' title='bbox 690 2660 742 2735; x_wconf 89' lang='lat' dir='ltr'>ait,</span> <span class='ocrx_word' id='word_1_176' title='bbox 762 2654 804 2721; x_wconf 60' lang='lat' dir='ltr'>&#39;et</span> <span class='ocrx_word' id='word_1_177' title='bbox 828 2659 1018 2741; x_wconf 87' lang='lat' dir='ltr'>tibimetipsi</span> <span class='ocrx_word' id='word_1_178' title='bbox 1042 2667 1076 2719; x_wconf 90' lang='lat' dir='ltr'>et</span> <span class='ocrx_word' id='word_1_179' title='bbox 1100 2659 1137 2733; x_wconf 93' lang='lat' dir='ltr'>ei,</span> <span class='ocrx_word' id='word_1_180' title='bbox 1169 2678 1266 2740; x_wconf 89' lang='lat' dir='ltr'>quem</span> <span class='ocrx_word' id='word_1_181' title='bbox 1289 2658 1365 2721; x_wconf 87' lang='lat' dir='ltr'>fidei</span> <span class='ocrx_word' id='word_1_182' title='bbox 1456 2683 1459 2685; x_wconf 61' lang='grc'>’</span> 
     </span>
    </p>
   </div>
   <div class='ocr_carea' id='block_1_4' title="bbox 60 2750 1430 4458">
    <p class='ocr_par' dir='ltr' id='par_1_4' title="bbox 60 2750 1430 4458">
     <span class='ocr_line' id='line_1_24' title="bbox 60 2750 1364 2848; baseline 0.002 -21"><span class='ocrx_word' id='word_1_183' title='bbox 60 2750 63 2762; x_wconf 62' lang='grc'>’</span> <span class='ocrx_word' id='word_1_184' title='bbox 145 2774 214 2828; x_wconf 88' lang='lat' dir='ltr'>tuae</span> <span class='ocrx_word' id='word_1_185' title='bbox 248 2766 490 2842; x_wconf 87' lang='lat' dir='ltr'>commendaui,</span> <span class='ocrx_word' id='word_1_186' title='bbox 518 2776 673 2847; x_wconf 82' lang='lat' dir='ltr'>satagens</span> <span class='ocrx_word' id='word_1_187' title='bbox 704 2762 843 2848; x_wconf 81' lang='lat' dir='ltr'>qualiter</span> <span class='ocrx_word' id='word_1_188' title='bbox 874 2766 1061 2848; x_wconf 90' lang='lat' dir='ltr'>depositum</span> <span class='ocrx_word' id='word_1_189' title='bbox 1092 2764 1169 2826; x_wconf 92' lang='lat' dir='ltr'>illud</span> <span class='ocrx_word' id='word_1_190' title='bbox 1202 2765 1364 2829; x_wconf 91' lang='lat' dir='ltr'>incolume</span> 
     </span>
     <span class='ocr_line' id='line_1_25' title="bbox 140 2872 1365 2937; baseline -0.001 -2"><span class='ocrx_word' id='word_1_191' title='bbox 140 2874 329 2935; x_wconf 87' lang='lat' dir='ltr'>restituatur</span> <span class='ocrx_word' id='word_1_192' title='bbox 352 2873 438 2936; x_wconf 89' lang='lat' dir='ltr'>mihi.</span> <span class='ocrx_word' id='word_1_193' title='bbox 463 2891 561 2937; x_wconf 90' lang='lat' dir='ltr'>nemo</span> <span class='ocrx_word' id='word_1_194' title='bbox 586 2876 671 2937; x_wconf 90' lang='lat' dir='ltr'>enlm</span> <span class='ocrx_word' id='word_1_195' title='bbox 695 2876 780 2936; x_wconf 90' lang='lat' dir='ltr'>inter</span> <span class='ocrx_word' id='word_1_196' title='bbox 803 2872 976 2935; x_wconf 84' lang='lat' dir='ltr'>familiares</span> <span class='ocrx_word' id='word_1_197' title='bbox 999 2893 1093 2935; x_wconf 92' lang='lat' dir='ltr'>meos</span> <span class='ocrx_word' id='word_1_198' title='bbox 1117 2874 1158 2934; x_wconf 90' lang='lat' dir='ltr'>ad</span> <span class='ocrx_word' id='word_1_199' title='bbox 1179 2872 1365 2935; x_wconf 92' lang='lat' dir='ltr'>huiusmodi</span> 
     </span>
     <span class='ocr_line' id='line_1_26' title="bbox 105 2977 1363 3063; baseline -0.001 -21"><span class='ocrx_word' id='word_1_200' title='bbox 105 3001 128 3042; x_wconf 68' lang='lat' dir='ltr'>as</span> <span class='ocrx_word' id='word_1_201' title='bbox 138 2982 349 3044; x_wconf 89' lang='lat' dir='ltr'>commissum</span> <span class='ocrx_word' id='word_1_202' title='bbox 381 2989 413 3042; x_wconf 92' lang='lat' dir='ltr'>te</span> <span class='ocrx_word' id='word_1_203' title='bbox 445 2977 617 3043; x_wconf 83' lang='lat' dir='ltr'>uidebatur</span> <span class='ocrx_word' id='word_1_204' title='bbox 640 2982 748 3063; x_wconf 90' lang='lat' dir='ltr'>aptior</span> <span class='ocrx_word' id='word_1_205' title='bbox 779 2988 889 3041; x_wconf 89' lang='lat' dir='ltr'>aetate</span> <span class='ocrx_word' id='word_1_206' title='bbox 921 2982 1077 3043; x_wconf 91' lang='lat' dir='ltr'>maturior</span> <span class='ocrx_word' id='word_1_207' title='bbox 1100 2999 1197 3041; x_wconf 90' lang='lat' dir='ltr'>sensu</span> <span class='ocrx_word' id='word_1_208' title='bbox 1230 2982 1363 3056; x_wconf 89' lang='lat' dir='ltr'>cautior,</span> 
     </span>
     <span class='ocr_line' id='line_1_27' title="bbox 137 3082 1364 3171; baseline -0.001 -21"><span class='ocrx_word' id='word_1_209' title='bbox 137 3090 170 3150; x_wconf 93' lang='lat' dir='ltr'>in</span> <span class='ocrx_word' id='word_1_210' title='bbox 196 3108 262 3171; x_wconf 93' lang='lat' dir='ltr'>quo</span> <span class='ocrx_word' id='word_1_211' title='bbox 286 3088 328 3151; x_wconf 89' lang='lat' dir='ltr'>de</span> <span class='ocrx_word' id='word_1_212' title='bbox 352 3089 476 3150; x_wconf 90' lang='lat' dir='ltr'>credita</span> <span class='ocrx_word' id='word_1_213' title='bbox 507 3088 562 3151; x_wconf 90' lang='lat' dir='ltr'>filii</span> <span class='ocrx_word' id='word_1_214' title='bbox 586 3082 664 3151; x_wconf 87' lang='lat' dir='ltr'>cura</span> <span class='ocrx_word' id='word_1_215' title='bbox 686 3108 820 3170; x_wconf 89' lang='lat' dir='ltr'>possem</span> <span class='ocrx_word' id='word_1_216' title='bbox 843 3108 916 3149; x_wconf 87' lang='lat' dir='ltr'>esse</span> <span class='ocrx_word' id='word_1_217' title='bbox 940 3088 1047 3149; x_wconf 86' lang='lat' dir='ltr'>tutior.</span> <span class='ocrx_word' id='word_1_218' title='bbox 1079 3088 1218 3169; x_wconf 90' lang='lat' dir='ltr'>proinde</span> <span class='ocrx_word' id='word_1_219' title='bbox 1242 3107 1305 3167; x_wconf 90' lang='lat' dir='ltr'>age</span> <span class='ocrx_word' id='word_1_220' title='bbox 1328 3096 1364 3149; x_wconf 92' lang='lat' dir='ltr'>ut</span> 
     </span>
     <span class='ocr_line' id='line_1_28' title="bbox 138 3193 1430 3286; baseline -0.002 -27"><span class='ocrx_word' id='word_1_221' title='bbox 138 3216 307 3277; x_wconf 70' lang='lat' dir='ltr'>coeperas</span> <span class='ocrx_word' id='word_1_222' title='bbox 331 3205 366 3258; x_wconf 91' lang='lat' dir='ltr'>ut</span> <span class='ocrx_word' id='word_1_223' title='bbox 390 3205 422 3258; x_wconf 88' lang='lat' dir='ltr'>et</span> <span class='ocrx_word' id='word_1_224' title='bbox 447 3197 567 3259; x_wconf 89' lang='lat' dir='ltr'>erranti</span> <span class='ocrx_word' id='word_1_225' title='bbox 590 3215 694 3278; x_wconf 92' lang='lat' dir='ltr'>puero</span> <span class='ocrx_word' id='word_1_226' title='bbox 711 3194 849 3257; x_wconf 90' lang='lat' dir='ltr'>salutem</span> <span class='ocrx_word' id='word_1_227' title='bbox 874 3203 907 3256; x_wconf 92' lang='lat' dir='ltr'>et</span> <span class='ocrx_word' id='word_1_228' title='bbox 933 3193 1074 3256; x_wconf 92' lang='lat' dir='ltr'>sollicito</span> <span class='ocrx_word' id='word_1_229' title='bbox 1091 3196 1177 3275; x_wconf 89' lang='lat' dir='ltr'>patri</span> <span class='ocrx_word' id='word_1_230' title='bbox 1193 3195 1363 3276; x_wconf 87' lang='lat' dir='ltr'>pristinam</span> <span class='ocrx_word' id='word_1_231' title='bbox 1428 3281 1430 3286; x_wconf 23' lang='grc' dir='ltr'>Ι</span> 
     </span>
     <span class='ocr_line' id='line_1_29' title="bbox 138 3303 500 3365; baseline -0.003 0"><span class='ocrx_word' id='word_1_232' title='bbox 138 3304 348 3365; x_wconf 88' lang='lat' dir='ltr'>securitatem</span> <span class='ocrx_word' id='word_1_233' title='bbox 372 3303 500 3365; x_wconf 79' lang='lat' dir='ltr'>reddas</span> 
     </span>
     <span class='ocr_line' id='line_1_30' title="bbox 245 3402 1363 3493; baseline -0.002 -21"><span class='ocrx_word' id='word_1_234' title='bbox 245 3410 295 3472; x_wconf 90' lang='lat' dir='ltr'>Ita</span> <span class='ocrx_word' id='word_1_235' title='bbox 318 3419 412 3493; x_wconf 90' lang='lat' dir='ltr'>patre</span> <span class='ocrx_word' id='word_1_236' title='bbox 437 3407 558 3471; x_wconf 87' lang='lat' dir='ltr'>carnali</span> <span class='ocrx_word' id='word_1_237' title='bbox 581 3418 614 3471; x_wconf 92' lang='lat' dir='ltr'>et</span> <span class='ocrx_word' id='word_1_238' title='bbox 638 3402 806 3471; x_wconf 87' lang='lat' dir='ltr'>incredulo</span> <span class='ocrx_word' id='word_1_239' title='bbox 826 3410 913 3471; x_wconf 91' lang='lat' dir='ltr'>circa</span> <span class='ocrx_word' id='word_1_240' title='bbox 928 3408 1175 3470; x_wconf 90' lang='lat' dir='ltr'>subuersionem</span> <span class='ocrx_word' id='word_1_241' title='bbox 1191 3417 1363 3489; x_wconf 87' lang='lat' dir='ltr'>satagente</span> 
     </span>
     <span class='ocr_line' id='line_1_31' title="bbox 99 3515 1363 3601; baseline -0.002 -22"><span class='ocrx_word' id='word_1_242' title='bbox 99 3516 209 3593; x_wconf 60' lang='lat' dir='ltr'>aofilil,</span> <span class='ocrx_word' id='word_1_243' title='bbox 245 3518 322 3601; x_wconf 91' lang='lat' dir='ltr'>quid</span> <span class='ocrx_word' id='word_1_244' title='bbox 354 3517 475 3580; x_wconf 86' lang='lat' dir='ltr'>faceret</span> <span class='ocrx_word' id='word_1_245' title='bbox 506 3524 601 3598; x_wconf 87' lang='lat' dir='ltr'>pater</span> <span class='ocrx_word' id='word_1_246' title='bbox 631 3515 683 3578; x_wconf 92' lang='lat' dir='ltr'>ille</span> <span class='ocrx_word' id='word_1_247' title='bbox 716 3515 1028 3590; x_wconf 89' lang='lat' dir='ltr'>misericordiarum,</span> <span class='ocrx_word' id='word_1_248' title='bbox 1063 3523 1159 3596; x_wconf 89' lang='lat' dir='ltr'>pater</span> <span class='ocrx_word' id='word_1_249' title='bbox 1193 3517 1363 3598; x_wconf 87' lang='lat' dir='ltr'>spirituum</span> 
     </span>
     <span class='ocr_line' id='line_1_32' title="bbox 139 3618 1362 3706; baseline 0 -21"><span class='ocrx_word' id='word_1_250' title='bbox 139 3626 309 3687; x_wconf 88' lang='lat' dir='ltr'>uniuersae</span> <span class='ocrx_word' id='word_1_251' title='bbox 341 3624 467 3687; x_wconf 85' lang='lat' dir='ltr'>carnis?</span> <span class='ocrx_word' id='word_1_252' title='bbox 502 3618 659 3706; x_wconf 89' lang='lat' dir='ltr'>numquid</span> <span class='ocrx_word' id='word_1_253' title='bbox 694 3626 726 3687; x_wconf 94' lang='lat' dir='ltr'>in</span> <span class='ocrx_word' id='word_1_254' title='bbox 761 3644 797 3686; x_wconf 90' lang='lat' dir='ltr'>se</span> <span class='ocrx_word' id='word_1_255' title='bbox 832 3632 1020 3706; x_wconf 90' lang='lat' dir='ltr'>sperantem</span> <span class='ocrx_word' id='word_1_256' title='bbox 1048 3623 1235 3685; x_wconf 79' lang='lat' dir='ltr'>desereret?</span> <span class='ocrx_word' id='word_1_257' title='bbox 1269 3625 1362 3685; x_wconf 88' lang='lat' dir='ltr'>absit.</span> 
     </span>
     <span class='ocr_line' id='line_1_33' title="bbox 138 3730 1363 3812; baseline -0.002 -17"><span class='ocrx_word' id='word_1_258' title='bbox 138 3734 226 3795; x_wconf 88' lang='lat' dir='ltr'>misit</span> <span class='ocrx_word' id='word_1_259' title='bbox 258 3734 343 3794; x_wconf 91' lang='lat' dir='ltr'>enirn</span> <span class='ocrx_word' id='word_1_260' title='bbox 375 3733 416 3795; x_wconf 91' lang='lat' dir='ltr'>ad</span> <span class='ocrx_word' id='word_1_261' title='bbox 449 3751 523 3793; x_wconf 93' lang='lat' dir='ltr'>eum</span> <span class='ocrx_word' id='word_1_262' title='bbox 559 3730 711 3812; x_wconf 88' lang='lat' dir='ltr'>angelum</span> <span class='ocrx_word' id='word_1_263' title='bbox 747 3730 1007 3805; x_wconf 87' lang='lat' dir='ltr'>consolatorem,</span> <span class='ocrx_word' id='word_1_264' title='bbox 1043 3732 1098 3811; x_wconf 90' lang='lat' dir='ltr'>qui</span> <span class='ocrx_word' id='word_1_265' title='bbox 1129 3732 1237 3793; x_wconf 90' lang='lat' dir='ltr'>uerbis</span> <span class='ocrx_word' id='word_1_266' title='bbox 1267 3732 1363 3793; x_wconf 90' lang='lat' dir='ltr'>bonis</span> 
     </span>
     <span class='ocr_line' id='line_1_34' title="bbox 138 3833 1363 3920; baseline -0.003 -18"><span class='ocrx_word' id='word_1_267' title='bbox 138 3833 246 3902; x_wconf 89' lang='lat' dir='ltr'>uerbis</span> <span class='ocrx_word' id='word_1_268' title='bbox 278 3839 504 3902; x_wconf 88' lang='lat' dir='ltr'>consolatoriis</span> <span class='ocrx_word' id='word_1_269' title='bbox 536 3837 673 3920; x_wconf 86' lang='lat' dir='ltr'>pelleret</span> <span class='ocrx_word' id='word_1_270' title='bbox 703 3839 854 3899; x_wconf 92' lang='lat' dir='ltr'>timorem</span> <span class='ocrx_word' id='word_1_271' title='bbox 886 3846 1022 3918; x_wconf 88' lang='lat' dir='ltr'>augeret</span> <span class='ocrx_word' id='word_1_272' title='bbox 1045 3836 1276 3900; x_wconf 88' lang='lat' dir='ltr'>fortitudinem.</span> <span class='ocrx_word' id='word_1_273' title='bbox 1309 3839 1363 3919; x_wconf 91' lang='lat' dir='ltr'>qui</span> 
     </span>
     <span class='ocr_line' id='line_1_35' title="bbox 139 3940 1363 4028; baseline -0.002 -19"><span class='ocrx_word' id='word_1_274' title='bbox 139 3948 184 4009; x_wconf 87' lang='lat' dir='ltr'>ait</span> <span class='ocrx_word' id='word_1_275' title='bbox 207 3949 252 4009; x_wconf 87' lang='lat' dir='ltr'>ei:</span> <span class='ocrx_word' id='word_1_276' title='bbox 283 3968 324 4009; x_wconf 93' lang='lat' dir='ltr'>ne</span> <span class='ocrx_word' id='word_1_277' title='bbox 349 3940 493 4028; x_wconf 88' lang='lat' dir='ltr'>trepides</span> <span class='ocrx_word' id='word_1_278' title='bbox 515 3940 624 4027; x_wconf 85' lang='lat' dir='ltr'>neque</span> <span class='ocrx_word' id='word_1_279' title='bbox 647 3944 803 4019; x_wconf 91' lang='lat' dir='ltr'>turberis,</span> <span class='ocrx_word' id='word_1_280' title='bbox 835 3964 933 4026; x_wconf 92' lang='lat' dir='ltr'>quem</span> <span class='ocrx_word' id='word_1_281' title='bbox 957 3944 1118 4007; x_wconf 91' lang='lat' dir='ltr'>Dominus</span> <span class='ocrx_word' id='word_1_282' title='bbox 1149 3946 1306 4006; x_wconf 90' lang='lat' dir='ltr'>uirtutum</span> <span class='ocrx_word' id='word_1_283' title='bbox 1330 3955 1363 4007; x_wconf 93' lang='lat' dir='ltr'>et</span> 
     </span>
     <span class='ocr_line' id='line_1_36' title="bbox 101 4044 1362 4135; baseline -0.005 -17"><span class='ocrx_word' id='word_1_284' title='bbox 101 4068 199 4123; x_wconf 75' lang='lat' dir='ltr'>asrex</span> <span class='ocrx_word' id='word_1_285' title='bbox 230 4048 354 4135; x_wconf 87' lang='lat' dir='ltr'>gloriae</span> <span class='ocrx_word' id='word_1_286' title='bbox 386 4063 421 4115; x_wconf 94' lang='lat' dir='ltr'>ut</span> <span class='ocrx_word' id='word_1_287' title='bbox 452 4044 592 4115; x_wconf 84' lang='lat' dir='ltr'>electum</span> <span class='ocrx_word' id='word_1_288' title='bbox 617 4072 660 4113; x_wconf 85' lang='lat' dir='ltr'>ex</span> <span class='ocrx_word' id='word_1_289' title='bbox 684 4051 813 4113; x_wconf 92' lang='lat' dir='ltr'>milibus</span> <span class='ocrx_word' id='word_1_290' title='bbox 837 4052 1094 4113; x_wconf 88' lang='lat' dir='ltr'>tironemmeae</span> <span class='ocrx_word' id='word_1_291' title='bbox 1117 4053 1288 4133; x_wconf 89' lang='lat' dir='ltr'>deputauit</span> <span class='ocrx_word' id='word_1_292' title='bbox 1311 4071 1362 4112; x_wconf 87' lang='lat' dir='ltr'>cu·</span> 
     </span>
     <span class='ocr_line' id='line_1_37' title="bbox 138 4152 1361 4243; baseline -0.004 -19"><span class='ocrx_word' id='word_1_293' title='bbox 138 4157 275 4238; x_wconf 85' lang='lat' dir='ltr'>stodiae,</span> <span class='ocrx_word' id='word_1_294' title='bbox 299 4176 430 4243; x_wconf 84' lang='lat' dir='ltr'>semper</span> <span class='ocrx_word' id='word_1_295' title='bbox 453 4152 611 4222; x_wconf 85' lang='lat' dir='ltr'>tuendum</span> <span class='ocrx_word' id='word_1_296' title='bbox 636 4154 670 4221; x_wconf 87' lang='lat' dir='ltr'>et</span> <span class='ocrx_word' id='word_1_297' title='bbox 692 4153 941 4241; x_wconf 86' lang='lat' dir='ltr'>perducendum</span> <span class='ocrx_word' id='word_1_298' title='bbox 965 4159 1007 4220; x_wconf 90' lang='lat' dir='ltr'>ad</span> <span class='ocrx_word' id='word_1_299' title='bbox 1024 4155 1180 4220; x_wconf 87' lang='lat' dir='ltr'>coronam</span> <span class='ocrx_word' id='word_1_300' title='bbox 1198 4160 1361 4220; x_wconf 92' lang='lat' dir='ltr'>uictoriae.</span> 
     </span>
     <span class='ocr_line' id='line_1_38' title="bbox 138 4265 1362 4350; baseline -0.003 -19"><span class='ocrx_word' id='word_1_301' title='bbox 138 4288 203 4350; x_wconf 88' lang='lat' dir='ltr'>ego</span> <span class='ocrx_word' id='word_1_302' title='bbox 229 4287 301 4331; x_wconf 87' lang='lat' dir='ltr'>sum</span> <span class='ocrx_word' id='word_1_303' title='bbox 326 4270 379 4350; x_wconf 92' lang='lat' dir='ltr'>qui</span> <span class='ocrx_word' id='word_1_304' title='bbox 404 4288 518 4350; x_wconf 88' lang='lat' dir='ltr'>preces</span> <span class='ocrx_word' id='word_1_305' title='bbox 543 4278 615 4329; x_wconf 88' lang='lat' dir='ltr'>tuas</span> <span class='ocrx_word' id='word_1_306' title='bbox 640 4268 728 4350; x_wconf 92' lang='lat' dir='ltr'>apud</span> <span class='ocrx_word' id='word_1_307' title='bbox 752 4267 860 4328; x_wconf 92' lang='lat' dir='ltr'>Deum</span> <span class='ocrx_word' id='word_1_308' title='bbox 884 4266 1099 4341; x_wconf 89' lang='lat' dir='ltr'>commendo,</span> <span class='ocrx_word' id='word_1_309' title='bbox 1122 4277 1201 4328; x_wconf 88' lang='lat' dir='ltr'>uota</span> <span class='ocrx_word' id='word_1_310' title='bbox 1223 4265 1362 4347; x_wconf 83' lang='lat' dir='ltr'>perlem,</span> 
     </span>
     <span class='ocr_line' id='line_1_39' title="bbox 138 4364 1360 4458; baseline -0.002 -20"><span class='ocrx_word' id='word_1_311' title='bbox 138 4376 292 4457; x_wconf 82' lang='lat' dir='ltr'>suffragia</span> <span class='ocrx_word' id='word_1_312' title='bbox 315 4384 488 4458; x_wconf 89' lang='lat' dir='ltr'>promptus</span> <span class='ocrx_word' id='word_1_313' title='bbox 511 4372 662 4435; x_wconf 86' lang='lat' dir='ltr'>exhibeo.</span> <span class='ocrx_word' id='word_1_314' title='bbox 687 4375 812 4435; x_wconf 90' lang='lat' dir='ltr'>interea</span> <span class='ocrx_word' id='word_1_315' title='bbox 828 4372 942 4453; x_wconf 76' lang='lat' dir='ltr'>Hylas</span> <span class='ocrx_word' id='word_1_316' title='bbox 967 4374 1022 4453; x_wconf 93' lang='lat' dir='ltr'>qui</span> <span class='ocrx_word' id='word_1_317' title='bbox 1045 4393 1107 4433; x_wconf 89' lang='lat' dir='ltr'>nec</span> <span class='ocrx_word' id='word_1_318' title='bbox 1130 4364 1360 4435; x_wconf 88' lang='lat' dir='ltr'>blandimentis</span> 
     </span>
    </p>
   </div>
   <div class='ocr_carea' id='block_1_5' title="bbox 0 0 1588 5025">
    <p class='ocr_par' dir='ltr' id='par_1_5' title="bbox 0 0 1588 5025">
     <span class='ocr_line' id='line_1_40' title="bbox 0 0 1588 5025; baseline 0 1"><span class='ocrx_word' id='word_1_319' title='bbox 0 0 1588 5025; x_wconf 95' lang='lat' dir='ltr'> </span> 
     </span>
    </p>
   </div>
  </div>
 </body>
</html>
