3167 5025
415 639 428 673 ⁸
708 665 866 745 Epistola
888 669 980 728 unde
1003 683 1119 745 supra.
1147 739 1149 746 k

408 843 553 907 Filiabus
574 843 780 907 Hierusalem
804 844 893 908 Tuto
916 853 1080 927 peccator.
1128 844 1180 906 De
1202 844 1353 907 claritate
1376 843 1534 906 transfor·

300 953 384 1014 mari
406 953 439 1014 in
463 952 646 1016 claritatem
669 954 725 1035 qui
748 954 886 1016 obtentu
910 953 1036 1035 gloriae
1065 951 1118 1015 uel
1145 954 1312 1016 commodi
1335 951 1539 1035 temporalis

299 1059 491 1123 ramiliarem
519 1062 639 1124 terreni
665 1061 821 1144 principis
844 1062 985 1143 gratiam
1011 1063 1155 1144 appetit,
1186 1081 1246 1144 per
1268 1061 1441 1142 quosdam
1468 1079 1539 1141 pro-

302 1168 457 1230 motionis
481 1169 604 1249 gradus
626 1168 670 1231 ad
693 1167 759 1231 boc
781 1169 872 1250 quod
903 1168 1004 1232 altum
1027 1168 1089 1232 sibi
1112 1169 1242 1231 uidetur
1257 1161 1398 1231 'culmen
1425 1187 1566 1230 ascen-s

299 1275 378 1337 dere
400 1276 521 1350 nititur.
545 1296 653 1357 neque
676 1277 763 1339 enim
785 1285 923 1360 repente
947 1278 1080 1359 ignotus
1105 1277 1278 1358 quisquam
1295 1275 1414 1358 palatii
1433 1296 1538 1337 secre-

262 1387 266 1395 '
299 1384 417 1446 tarium
440 1383 530 1446 adire
553 1403 593 1446 ac
616 1385 823 1465 praesentiae
845 1383 950 1466 regali
973 1384 1154 1467 praesumit
1176 1385 1338 1458 assistere,
1364 1383 1428 1445 sed
1447 1384 1537 1466 prius

298 1489 381 1552 alios
418 1489 565 1572 aliosque
602 1489 758 1553 officiales
797 1490 849 1554 vel
889 1490 1104 1554 cubicularios
1141 1490 1373 1572 frequentanS,
1418 1489 1535 1551 officiis

299 1596 451 1678 obligans
473 1618 617 1679 suaeque
640 1599 876 1662 necessitudini
899 1599 1086 1675 concilians
1108 1597 1159 1660 his
1183 1597 1426 1660 mediatoribus
1443 1617 1532 1679 prae·

298 1705 406 1767 missis
430 1703 531 1768 ueluti
552 1704 649 1768 scalis
673 1706 870 1788 quibusdam
894 1708 1012 1769 erectis
1040 1706 1175 1768 tandem
1198 1705 1242 1768 ad
1266 1713 1407 1787 optatae
1432 1705 1558 1785 digni-1o

297 1814 376 1875 tatis
399 1833 509 1876 arcem
532 1812 732 1896 prouehitur.
761 1822 795 1876 et
818 1813 900 1876 baec
924 1833 998 1876 cum
1022 1831 1108 1876 uana
1131 1814 1196 1876 sint
1220 1833 1259 1874 ac
1282 1813 1471 1876 seductoria
1493 1820 1525 1871 et

298 1921 341 1983 ad
372 1921 475 1982 instar
504 1920 643 1984 nebulae
674 1921 863 2003 diffugiant,
895 1921 1059 1984 laboriose
1086 1930 1198 1983 tamen
1217 1928 1433 2002 quaeruntur,
1464 1919 1516 1978 uix

298 2028 491 2091 obtinentur
512 2049 575 2091 nec
598 2030 668 2091 sine
691 2028 823 2111 poenali
846 2028 962 2092 dolore
986 2029 1186 2091 amittuntur.
1210 2036 1337 2108 quanto
1365 2027 1459 2108 magis
1472 2027 1508 2086 in·
1571 2051 1572 2114 ζ

296 2136 418 2216 dignus
433 2145 506 2217 'ego
530 2156 591 2219 pro
615 2137 819 2200 aeternitatis
841 2157 901 2220 spe
924 2136 1048 2199 nullum
1072 2135 1233 2200 recusabo
1257 2134 1431 2197 laborem?
1452 2133 1514 2214 quia
1571 2115 1572 2184 l

296 2264 379 2306 uero
402 2245 497 2306 iuxta
518 2246 733 2326 praemissam
755 2244 998 2308 similitudinem
1022 2246 1167 2327 peccatis
1184 2243 1399 2324 exigentibus
1417 2263 1438 2304 a
1451 2241 1550 2302 iacies
1571 2269 1572 2328 j

297 2353 384 2432 regis
416 2350 541 2414 aeterni
571 2350 730 2415 alienatus
753 2353 796 2415 ad
821 2352 1119 2415 reconciliationem
1151 2351 1276 2432 gratiae
1301 2351 1372 2415 eius
1396 2349 1524 2432 propria

297 2462 418 2523 uirtute
441 2481 613 2543 assurgere
636 2481 704 2524 non
727 2460 833 2539 uale0,
856 2481 916 2544 per
939 2479 1009 2537 uos
1033 2461 1171 2543 quasin
1194 2457 1325 2521 cellaria
1347 2477 1411 2520 sua
1436 2459 1523 2521 intro
1571 2438 1572 2525 l

296 2569 402 2645 duxit,
425 2567 490 2631 hoc
506 2570 655 2631 obtinere
678 2568 797 2632 ambi0.
821 2578 1025 2652 quapropter
1048 2576 1237 2651 opportuna
1259 2567 1457 2647 importuna
1479 2566 1521 2626 ob·

297 2676 481 2739 sectatione
505 2674 557 2738 uel
581 2677 839 2739 commonitione
863 2676 957 2739 uobis
979 2677 1098 2757 iugiter
1113 2676 1210 2752 insto,
1233 2672 1525 2755 qualibuscumque
1571 2654 1572 2733 ?

297 2783 480 2846 sedulitatis
504 2804 596 2847 meae
620 2782 735 2847 officiis
758 2784 968 2847 sanctitatem
989 2793 1135 2846 uestram
1152 2780 1283 2856 excolo,
1306 2790 1343 2843 ut
1360 2776 1572 2845 mediante20

296 2893 481 2954 orationum
502 2901 685 2954 uestrarum
701 2891 857 2973 suffragio
874 2912 958 2968 eum,
969 2941 971 2947 .
982 2892 1033 2954 cui
1048 2890 1178 2974 placere
1194 2886 1340 2966 nitimini,
1357 2889 1523 2971 placatum

297 3000 470 3063 inueniam.
492 2997 568 3061 hinc
592 3008 643 3060 est
666 3000 764 3061 etiarn
788 2999 882 3080 quod*
902 3020 1008 3081 nuper
1030 2999 1174 3061 iniuncto
1198 2996 1276 3059 mihi
1292 3018 1312 3058 a
1327 2997 1524 3078 quibusdam
1571 3024 1572 3057 l

295 3105 448 3170 fratribus
478 3106 571 3169 oneri
600 3105 677 3168 licet
708 3106 851 3188 impares
882 3106 1003 3169 uiribus
1033 3104 1190 3167 humeros
1217 3103 1357 3167 libenter
1382 3106 1521 3179 submisi,

296 3214 508 3277 considerans
530 3214 692 3276 nimirum
705 3223 818 3276 uestro
839 3234 971 3295 quoque
987 3211 1052 3275 hoc
1067 3212 1301 3276 conuenienter
1316 3210 1520 3293 profuturum

296 3320 466 3403 obsequio.
489 3322 533 3384 ad
556 3321 791 3384 describendas
814 3322 935 3384 etenim
951 3320 1069 3384 beatae
1086 3320 1395 3382 Felicitatismatris
1412 3319 1540 3383 laudes²⁵
1571 3326 1572 3409 l

295 3429 530 3491 dormitantem
553 3430 674 3510 ingenii
696 3429 762 3491 mei
784 3430 974 3492 tarditatem
999 3428 1145 3491 excitare
1170 3426 1279 3489 e'on'ati
1302 3436 1396 3504 sunt,
1425 3439 1461 3491 ut
1478 3429 1511 3488 in·

295 3535 456 3599 felicitatis
487 3556 584 3599 'meae
616 3538 745 3599 interim
778 3537 899 3600 oblitus
932 3535 1117 3599 felicissima
1146 3534 1218 3598 ‘eius
1250 3532 1366 3597 merita
1402 3542 1515 3617 quanta
1571 3514 1572 3577 Ῑ

295 3662 429 3725 possem
453 3641 632 3707 deuotione
655 3644 806 3707 attollere
830 3642 987 3708 curarem.
1192 3642 1194 3645 ’
1379 3640 1382 3643 ’

358 3834 361 3841 ¹
402 3749 485 3813 Cum
508 3771 586 3814 uero
610 3753 817 3835 propositam
840 3751 919 3815 mihi
942 3752 1114 3815 materiam
1137 3750 1285 3831 diligenti
1307 3748 1521 3813 meditatione

294 3874 423 3920 mecum
455 3859 588 3922 uoluere
619 3860 820 3941 coepissem,
855 3868 971 3941 atque,
1002 3868 1038 3921 ut
1068 3859 1158 3921 initia
1189 3874 1296 3919 rerum
1327 3857 1550 3941 plerumqueio

294 3966 457 4048 grauiora
478 3988 551 4029 esse
585 3965 709 4043 solent,
743 3965 786 4029 ab
818 3968 891 4049 ipso
908 3965 1143 4029 inchoationis
1178 3964 1286 4028 limine
1321 3966 1523 4047 aliquamdiu

293 4069 488 4137 haesitando
512 4075 705 4149 retardarer,
728 4082 840 4136 uestra
864 4072 973 4136 subito
1001 4073 1230 4135 recordatione
1254 4073 1417 4136 animatus
1443 4096 1522 4137 sum.
1569 4090 1570 4093 ’

293 4183 398 4244 maior
420 4183 571 4265 protinus
594 4182 733 4243 accessit
756 4180 883 4256 fiducia,
907 4189 940 4243 et
964 4178 1198 4243 confabulabar
1222 4199 1295 4241 cum
1320 4180 1421 4243 corde
1448 4203 1522 4245 meo

293 4290 421 4352 dicens:
453 4290 531 4371 quid
563 4286 729 4370 trepidas?
760 4288 787 4350 si
818 4288 970 4370 petitioni
1000 4286 1134 4349 fratrum
1162 4288 1299 4351 istorum
1324 4287 1521 4361 oboedieris,

293 4397 414 4458 sanctis
438 4397 501 4457 Dei
525 4394 648 4457 ancillis
676 4395 735 4457 tibi
757 4394 823 4455 iam
847 4395 970 4456 dudum
1003 4395 1131 4457 deuotis
1156 4396 1256 4457 misso
1280 4396 1400 4457 eodem
1425 4417 1543 4479 opuss
