3167 5025
280 228 325 294 94

281 409 411 472 Christo
425 409 516 490 ‹Jesu
556 418 650 472 tanta
680 410 802 472 uentris
835 418 867 471 et
898 408 1034 471 uberum
1065 407 1237 470 beatitudo
1268 409 1435 489 prouenit,
1468 417 1501 469 ut

280 527 409 600 septem
447 517 565 581 heriles
603 519 696 598 regni
735 515 886 578 caelestis
924 535 1080 596 proceres
1117 516 1252 596 gignere
1289 535 1328 578 ac
1362 517 1501 576 enutrire

278 627 441 688 meruerit.
476 625 560 688 bene
592 634 702 688 autem
733 622 846 686 laudat
878 621 928 684 uel
960 621 1135 704 spIritualis
1170 622 1339 684 doctrmae
1374 623 1500 684 laudem

196 730 200 735 ’
280 733 440 815 proximis
471 734 635 808 enuntiat,
666 732 742 812 quia
772 729 858 806 laus,
890 751 974 812 quae
1006 731 1038 792 in
1066 751 1123 792 ore
1147 730 1332 812 peccatoris
1355 731 1497 812 speciosa

279 851 437 916 nonest,
467 843 499 902 in
523 849 639 902 sancto
663 839 746 902 illius
769 859 827 901 ore
851 839 1093 920 speciosissIma
1116 847 1193 900 erat.
1218 839 1271 920 pie
1295 839 1418 919 quippe
1444 857 1521 900 cre-s

279 948 435 1025 dendum,
458 950 607 1011 intimam
630 946 715 1010 hanc
731 947 795 1009 Dei
819 948 958 1010 amicam
982 967 1020 1008 os
1044 966 1137 1008 suum
1161 945 1341 1028 sapientiae
1364 947 1503 1027 aperien-
1568 973 1569 976 ¹

280 1064 347 1120 tem
372 1078 432 1120 uae
456 1056 534 1119 illud
558 1058 720 1131 euasisse,
750 1056 840 1136 quod
865 1055 965 1117 lsaias
989 1055 1156 1137 quondam
1180 1053 1356 1136 planxerat
1379 1053 1502 1115 dicens:

280 1186 340 1227 uae
363 1164 452 1237 mihi,
476 1166 554 1247 quia
577 1165 673 1236 tacui,
695 1164 773 1246 quia
797 1165 851 1226 uir
867 1163 1012 1245 pollutas
1034 1162 1131 1224 labiis
1154 1183 1210 1244 ego
1232 1183 1312 1224 sura.
1345 1182 1422 1224 nam
1447 1171 1504 1237 etsi

280 1273 312 1334 in
336 1273 445 1334 medio
470 1272 583 1355 populi
607 1270 734 1354 polluta
757 1271 844 1334 labia
875 1269 1026 1334 habentis
1050 1279 1165 1334 sancta
1187 1268 1269 1333 haec
1293 1269 1504 1352 corporaliter

280 1378 493 1455 habitauerit,
524 1380 623 1462 longe
647 1389 758 1456 tamen
782 1379 824 1442 ab
849 1399 962 1441 eorum
986 1378 1166 1460 pollutione
1190 1386 1258 1440 tam
1282 1377 1387 1440 uerbo
1410 1397 1530 1459 quam1⁰

280 1507 382 1569 opere
414 1498 593 1569 segregata
613 1487 679 1550 suit.
700 1508 773 1569 nec
798 1487 839 1550 ab
863 1507 898 1548 re
922 1495 989 1562 est,
1022 1487 1112 1568 quod
1140 1505 1226 1548 nunc
1250 1486 1393 1567 primum
1426 1487 1504 1548 circa

281 1593 379 1658 finem
412 1596 564 1659 uidelicet
594 1597 761 1678 praeconii
794 1596 943 1658 doctrina
970 1595 1038 1657 eius
1073 1594 1338 1668 commendatur,
1372 1615 1447 1656 cum
1477 1597 1501 1657 in

281 1705 504 1785 superioribus
527 1706 612 1768 inter
634 1713 686 1768 tot
710 1705 865 1766 ulrtutum
890 1703 1029 1784 insignia
1059 1700 1103 1764 nil
1126 1700 1312 1764 huiusmodi
1336 1701 1501 1764 manifeste

282 1812 405 1874 dIctum
429 1813 618 1876 inueniatur.
642 1813 732 1894 prius
754 1813 841 1873 enim
863 1811 1021 1893 praedam
1038 1810 1218 1892 diripuisse,
1242 1809 1335 1890 operi
1353 1830 1498 1872 manuum

282 1920 447 1995 institisse,
470 1921 560 2002 inopi
585 1940 718 1983 manum
742 1920 918 2001 aperuisse,
941 1918 1124 1998 ceterisque
1149 1915 1268 1978 talibus
1292 1935 1431 1998 operam
1451 1917 1525 1978 deo

282 2028 378 2102 disse,
402 2029 505 2090 etsie
528 2009 663 2090 tandem
687 2048 725 2089 os
749 2027 915 2109 aperuisse
939 2033 1147 2088 memoratur.
1172 2023 1284 2105 regula
1307 2021 1395 2088 haec
1411 2024 1498 2089 caele·
1570 2089 1571 2114 ,

282 2140 341 2199 stis
372 2147 423 2200 est
453 2137 652 2217 magisterii„
679 2137 721 2198 ab
753 2137 826 2218 ipso
850 2135 995 2198 Domino
1028 2143 1061 2196 et
1090 2133 1253 2198 saluatore
1281 2131 1438 2195 fidelibus
1457 2131 1494 2192 de·

283 2253 474 2319 monstrata,
497 2245 581 2306 sicut
604 2245 762 2326 scriptum
786 2252 853 2306 est:
877 2263 958 2324 quae
980 2242 1080 2323 coepit
1098 2241 1195 2313 Jesus
1210 2243 1323 2321 facere
1345 2250 1379 2302 et
1397 2239 1500 2302 docere.

282 2364 315 2416 et
337 2354 529 2426 notandum,
553 2354 643 2434 quod
667 2372 733 2414 non
756 2351 946 2434 simpliciter
967 2350 1009 2412 ad
1034 2349 1221 2412 docendum
1245 2349 1303 2410 sed
1328 2349 1499 2430 sapientiae

283 2482 321 2525 os
345 2481 439 2523 suum
463 2461 628 2543 aperuisse
653 2460 778 2523 dIcitur.
803 2460 876 2542 ipsa
899 2468 949 2521 est
973 2458 1059 2521 enim
1083 2457 1148 2519 oris
1173 2457 1353 2539 adapertio,
1381 2456 1427 2519 de
1449 2474 1522 2537 qua20
1570 2449 1571 2456 ἶ

282 2579 316 2632 et
340 2567 505 2651 propheta
527 2568 686 2649 gloriatur
702 2569 829 2630 dicens:
852 2588 887 2628 os
902 2586 1006 2627 meum
1022 2564 1141 2646 apemi,
1164 2575 1195 2627 et
1209 2564 1338 2626 attraxi
1350 2564 1495 2645 spz'rrlrun.

282 2697 349 2738 non
381 2678 467 2738 enim
491 2676 639 2757 spiritum
663 2675 843 2756 sapientiae
871 2671 1067 2747 attraheret,
1099 2672 1158 2733 nisi
1182 2691 1220 2733 os
1244 2672 1406 2753 aperiret,
1440 2672 1501 2752 quia

282 2785 342 2845 nisi
366 2783 588 2865 praedicando
613 2783 786 2863 proximos
810 2779 982 2843 aedificare
1007 2780 1168 2853 studeret,
1192 2777 1368 2861 spiritualis
1394 2779 1502 2841 doctri·
1570 2770 1571 2801 ³

283 2912 344 2953 nae
369 2892 475 2971 gratia
498 2910 565 2952 non
589 2890 753 2951 creuisset.
785 2887 829 2949 nil
853 2888 951 2968 igitur
974 2886 1073 2949 beata
1097 2894 1225 2965 martyr
1248 2884 1434 2948 lorinsecus
1461 2905 1504 2947 an·
1570 2904 1571 2907 ’

282 2999 464 3072 nuntiabat,
487 2997 547 3058 nisi
571 2997 661 3078 quod
684 2996 878 3057 intrinsecus
894 2994 936 3055 ab
953 2995 1026 3075 ipso
1043 2992 1133 3054 fonte
1150 2993 1329 3073 sapientiae
1346 2991 1504 3066 hauserat,
1512 3011 1527 3045 ²⁵

283 3110 419 3189 ipsaque
436 3104 546 3167 cordis
562 3123 655 3177 uena,
679 3123 763 3184 quae
779 3122 839 3183 per
855 3102 920 3162 oris
945 3100 1157 3163 ministerium
1174 3100 1359 3175 emanabat,
1386 3102 1504 3183 gratiae

283 3223 462 3297 augmento
485 3212 591 3293 magis
615 3211 785 3291 magisque
809 3229 940 3290 semper
964 3207 1180 3271 accrescebat.

664 3440 972 3505 CAPITVLVM
996 3440 1127 3503 XVIII.

718 3590 812 3648 Laus
837 3606 857 3647 a
881 3585 1075 3647 clementia.

291 3740 293 3743 ⁵
373 3749 435 3830 ,Et
463 3750 517 3811 lex
547 3748 728 3811 clarentiae
759 3747 793 3808 in
824 3746 938 3828 lingua
965 3746 1039 3808 eius.
1071 3745 1163 3807 Duas
1186 3744 1324 3825 legimus
1359 3746 1506 3807 mulieres
1515 3772 1535 3807 a>

284 3861 370 3922 iusta
393 3859 568 3920 seueritate
600 3856 801 3917 concitatum
825 3854 933 3916 Dauid
957 3854 1043 3933 regis
1077 3852 1219 3913 animum
1251 3851 1436 3932 sapientiae
1468 3869 1507 3911 ar·

284 3966 448 4049 gumentis
479 3966 522 4027 ad
554 3962 762 4025 clementiam
794 3959 967 4023 inflexisse.
999 3960 1104 4040 prima
1127 3956 1261 4039 Abigail
1290 3958 1355 4019 iam
1380 3961 1509 4039 iamque

284 4076 493 4156 euaginatum
510 4072 593 4133 illius
609 4070 753 4151 gladium
778 4068 933 4151 opposita
956 4066 1085 4147 linguae
1109 4086 1186 4127 suae
1203 4064 1387 4139 machaera,
1413 4084 1510 4147 quam

285 4184 347 4246 Dei
378 4181 538 4263 sapientia
570 4185 748 4240 exacuerat
777 4186 810 4238 et
833 4176 1018 4247 limauerat,
1050 4194 1069 4234 a
1100 4174 1226 4235 ceruice
1250 4172 1357 4235 Nabal
1382 4173 1511 4255 repulit,

284 4301 476 4369 tantumque
509 4288 539 4349 ei
570 4305 631 4367 pro
665 4293 804 4364 experta
842 4282 1035 4365 prudentiae
1070 4282 1189 4342 uirtute
1225 4279 1441 4364 complacuit,
1476 4286 1538 4343 uta

391 4431 416 4480 8.
435 4432 470 4493 Js.
491 4425 514 4487 b,
536 4438 559 4491 5.
579 4456 614 4463 -
637 4426 675 4474 18.
695 4428 752 4475 Aet.
776 4439 796 4487 1,
821 4438 841 4474 1.
861 4454 896 4463 Ἣ
916 4437 956 4473 21.
978 4426 1017 4475 Ps.
1041 4424 1096 4485 118,
1122 4436 1177 4486 131.
