3167 5025
1290 197 1333 263 39

104 376 295 443 uerecunde
317 376 408 444 domi
431 377 587 457 residens,
611 374 761 445 fidelibus
784 397 846 463 pro
870 377 1066 445 necessitate
1082 381 1332 455 nuntiisutitur:

101 488 157 550 ille
191 489 284 570 quasi
309 489 494 553 oratoribus
518 488 569 552 uel
593 490 798 553 internuntiis
820 490 927 551 minus
950 509 1068 571 egens,
1101 489 1204 552 libera
1226 489 1333 552 fronte

101 598 234 677 negotii
250 617 309 659 sua
325 616 458 660 causam
475 606 623 680 perorat;
648 599 709 661 iste
725 598 758 659 in
773 596 856 660 facie
872 598 986 660 iudicis
1002 607 1116 661 notam
1134 597 1333 660 confusionis

101 704 272 765 incurrere
296 713 462 779 metuenS,
494 702 675 767 senioribus
699 710 817 787 utpote
840 704 1047 786 peritioribus
1071 705 1255 781 causidicis,
1279 708 1334 787 qui

87 809 265 873 sconfundi
288 830 354 874 non
379 812 531 883 debeant,
555 811 754 893 legationem
778 832 871 874 suam
894 813 1112 875 commendat.

214 916 284 981 Sed
307 919 486 983 uidendum
510 940 552 981 an
575 917 738 983 efficacius
762 918 815 981 ille
838 940 964 1001 perse,
988 940 1030 982 an
1053 920 1114 981 iste
1138 941 1197 1002 per
1216 920 1335 983 media-¹

111 1035 195 1089 tores
227 1045 307 1089 suos
340 1046 473 1090 causam
504 1028 624 1108 egerin
657 1027 728 1108 quis
753 1048 770 1089 e
794 1027 924 1089 duobus
948 1027 1063 1089 melius
1086 1028 1335 1091 commendatus

110 1132 210 1196 suerit.
239 1134 315 1215 quia
338 1134 424 1195 enim
448 1135 605 1216 scriptum
629 1143 695 1197 est:
719 1133 831 1195 laudet
852 1144 881 1196 te
902 1133 1030 1197 alienus
1050 1144 1082 1196 et
1102 1156 1164 1197 nrm
1186 1156 1222 1197 os
1237 1146 1335 1209 tuum,

108 1241 244 1323 regulus
275 1262 333 1303 ore
365 1262 425 1305 suo
457 1242 593 1323 dignum
627 1262 662 1304 se
694 1243 736 1305 ad
760 1242 1002 1323 impetrandam
1026 1244 1219 1325 petitionem
1243 1264 1336 1306 suam

80 1382 100 1406 ιο
109 1370 258 1411 asserere
274 1353 342 1412 no'n
358 1357 498 1431 poterat,
522 1349 720 1411 centurionis
742 1369 821 1411 uero
843 1349 944 1430 legati
960 1351 1075 1432 ipsum,
1097 1352 1188 1413 cuius
1204 1372 1337 1414 causam

109 1466 343 1539 susceperant,
375 1477 523 1539 congruo
555 1456 660 1519 laudis
690 1458 882 1519 testimonio
913 1458 1157 1539 praedicabant.
1192 1478 1268 1521 nam
1296 1468 1338 1522 ut·

109 1568 220 1629 Lucas
239 1574 386 1640 testatur,
410 1588 481 1628 cum
498 1566 657 1629 reein'ssent
670 1564 719 1627 ad
733 1566 921 1640 Dominum,
945 1566 1103 1647 rogabant
1117 1588 1188 1629 eum
1203 1564 1338 1632 sollicite

110 1675 250 1737 dicentes
273 1675 319 1735 ei:
342 1674 418 1755 quia
442 1673 561 1755 dignus
583 1684 636 1745 est,
661 1684 697 1736 ret
710 1673 741 1734 ei
748 1683 894 1755 praestes
908 1672 973 1735 lter.
990 1673 1103 1755 detegit
1114 1674 1200 1735 enim
1211 1685 1338 1755 gentem

111 1792 273 1853 nostram,
306 1790 336 1843 et
364 1802 560 1863 synagogam
592 1781 658 1863 ipse
681 1780 870 1864 aedificaieit
892 1779 987 1843 nobis.
1019 1800 1098 1843 ecce
1121 1781 1216 1863 quale
1241 1802 1337 1865 quan·

81 1898 249 1971 utumque
274 1890 485 1971 praeconium
509 1909 528 1951 a
551 1888 725 1951 dilectione
749 1890 984 1970 proximorum.
1010 1898 1145 1969 uterque
1161 1898 1281 1964 tamen,
1305 1898 1338 1951 et

112 1996 246 2077 regulus
279 1993 431 2058 uidelicet
462 2016 580 2078 perse
605 2006 637 2058 et
661 1998 809 2059 centurio
832 2017 892 2078 per
915 1996 997 2059 alios
1020 1996 1184 2058 medicum
1207 1996 1339 2073 inuitat;

115 2112 251 2186 uterque
284 2102 373 2165 illum
404 2103 479 2166 licet
512 2102 710 2167 dissimiliter
740 2105 906 2187 suscipere
938 2102 1077 2167 festinat.
1108 2104 1167 2165 sed
1199 2104 1339 2185 regulus,

120 2213 169 2292 qui
201 2212 275 2273 sine
307 2210 469 2293 corporali
493 2211 561 2272 eius
586 2212 772 2293 praesentia
796 2210 895 2273 lilium
919 2212 1038 2273 saluari
1061 2231 1160 2293 posse
1184 2231 1251 2273 non
1274 2231 1339 2273 cre·

125 2319 204 2395 didit,
229 2318 322 2401 prior
345 2318 415 2399 ipse
439 2302 555 2381 contra
577 2316 776 2381 infidelitatis
800 2318 951 2380 morbum
975 2320 1117 2381 secantis
1137 2318 1255 2380 medici
1271 2338 1342 2400 per·

94 2458 116 2483 ρο
125 2427 188 2490 tulit
210 2426 342 2493 ferrum.
367 2426 421 2508 qui
435 2425 520 2487 licet
536 2426 694 2489 instanter
710 2425 751 2488 ab
769 2446 810 2487 eo
826 2426 1023 2501 inuitaretur,
1047 2426 1214 2488 inuitantis
1229 2434 1340 2487 tamen

123 2535 332 2598 diffidentiam
356 2533 523 2615 redarguit
547 2533 675 2596 dicens:
700 2534 766 2594 nisi
778 2534 874 2615 segetia
892 2531 1085 2615 etprodigiiz
1101 2530 1256 2604 uellentes,
1278 2553 1341 2593 non

125 2643 251 2706 creditis.
277 2642 476 2706 centurionis
499 2648 609 2705 autem
632 2639 797 2722 legationi,
822 2661 907 2723 quae
929 2641 1028 2723 plena
1051 2637 1115 2703 fide
1139 2638 1341 2713 fulciebatur,

130 2751 236 2812 tacitus
259 2769 406 2813 annuens
429 2749 499 2811 ibat
522 2769 596 2811 cum
620 2747 745 2829 legatis

230 2857 288 2920 Hic
314 2856 379 2918 iam
402 2855 538 2938 patebit,
562 2856 639 2938 quid
663 2855 779 2918 beatus
803 2857 865 2918 iste
888 2857 1035 2919 centurio
1059 2877 1079 2917 a
1099 2854 1264 2917 saluatore
1287 2874 1345 2916 ex·

96 2992 120 3028 τε
127 2964 264 3044 petierit,
300 2962 439 3044 qualiter
470 2981 544 3024 eum
575 2962 617 3024 ad
647 2983 683 3024 se
715 2964 825 3024 uenire
857 2964 1037 3045 optauerit,
1068 2964 1188 3025 uirtute
1217 2959 1342 3023 scilicet

122 3068 247 3134 diuinae
271 3068 463 3152 potestatiS,
491 3089 558 3131 non
583 3069 770 3150 praesentia
793 3071 949 3151 corporis.
981 3089 1057 3131 nam
1080 3077 1117 3131 ut
1141 3063 1343 3149 euangelista

118 3179 174 3240 ait:
208 3199 281 3240 cum
312 3177 380 3239 iam
411 3197 473 3238 non
504 3175 595 3258 longe
625 3186 705 3238 esset
724 3198 746 3237 a
771 3176 878 3249 dome,
910 3178 1001 3239 misit
1029 3177 1077 3239 ad
1103 3197 1173 3238 eum
1204 3175 1344 3237 centurio

116 3287 237 3349 ami'cos
261 3284 385 3347 dicens:
408 3284 553 3356 Domine,
578 3283 647 3345 noli
660 3284 791 3346 uexan':
814 3305 876 3346 non
898 3285 982 3346 enim
997 3305 1070 3346 sum
1084 3284 1211 3365 dignus,
1235 3293 1273 3345 ut
1284 3282 1339 3371 sill
1343 3327 1346 3332 -

115 3404 232 3458 tectum
256 3413 360 3456 meum
384 3392 502 3454 intres:
519 3390 758 3472 propterquod
777 3402 809 3452 et
829 3413 879 3454 me
901 3392 1006 3473 ipsum
1029 3412 1091 3453 nen
1114 3412 1185 3453 sum
1208 3390 1345 3472 dignum

83 3536 106 3571 so
115 3502 313 3572 arbitratio,
344 3510 382 3562 ret
401 3499 540 3562 uem'rem
564 3498 613 3561 ad
632 3507 679 3560 tc:
708 3497 768 3560 sed
786 3499 840 3560 dic
864 3499 970 3570 uerbo,
1001 3499 1035 3561 id
1059 3507 1108 3560 est
1132 3500 1207 3561 ueni
1232 3498 1346 3572 uerbo,

113 3621 144 3672 et
165 3607 343 3672 sanabitur
364 3619 449 3689 puer
469 3627 565 3669 meus.
597 3607 671 3668 uide
703 3616 827 3688 quanta
857 3606 932 3670 fidei
955 3617 989 3670 et
1012 3606 1201 3669 humilitatis
1225 3605 1347 3689 perfec·

113 3719 209 3780 tione
235 3714 277 3778 ad
302 3714 545 3797 suscipiendum
562 3713 759 3776 saluatorem
784 3715 892 3776 cordis
916 3713 1095 3796 hospitium
1118 3716 1345 3788 adornauerat,

114 3825 173 3906 qui
208 3821 251 3884 ad
284 3822 509 3904 praebendam
532 3822 562 3883 ei
586 3821 757 3882 exterioris
781 3820 956 3884 habitaculi
979 3823 1184 3884 mansionem
1207 3840 1279 3882 sese
1301 3822 1348 3882 in=

114 3933 260 4012 dignum
284 3928 456 3991 iudicabat,
486 3929 577 3990 cuius
601 3945 662 3990 nos
686 3945 818 4008 quoque
841 3926 980 3990 formam
1003 3937 1093 3992 recte
1115 3929 1348 4001 obtinebimus,

81 4081 105 4116 rs
116 4040 145 4101 si
178 4038 266 4105 inter
297 4055 355 4097 eos
386 4035 569 4117 computari
601 4034 827 4108 meruerimus,
872 4035 914 4096 de
946 4036 1062 4117 quibus
1088 4035 1204 4116 Jethro
1235 4035 1348 4116 Moysi

117 4142 293 4208 consilium
311 4142 480 4224 praebens
504 4142 602 4203 dixit:
621 4139 757 4222 preuide
780 4139 818 4201 de
841 4141 930 4202 oinni
944 4141 1035 4222 plebe
1057 4143 1145 4205 πίνος
1161 4151 1302 4224 potentes
1317 4152 1348 4202 et

231 4284 255 4334 8.
282 4285 356 4333 Prou.
384 4295 425 4347 27,
452 4297 475 4332 2.
502 4311 536 4320 -·-
566 4297 604 4345 14.
630 4284 689 4331 Luc.
713 4293 734 4343 7,
755 4298 778 4343 4.
800 4299 836 4347 sq.
862 4312 897 4319 -
924 4295 964 4332 22.
992 4285 1028 4331 Io.
1048 4297 1072 4344 4,
1099 4283 1140 4344 48.
1161 4310 1196 4320 -·
1216 4296 1256 4345 31.
1285 4284 1345 4332 Luc,

122 4388 146 4438 7,
168 4372 192 4424 ὁ.
213 4392 251 4440 ὃς,
1277 4394 1279 4397 .
1342 4391 1352 4398 ,Α
