3167 5025
1281 275 1323 342 97

94 443 215 509 etalae
229 458 260 509 11
282 448 489 510 cinnamomo.
514 450 603 530 quod
628 473 709 532 ergo
732 453 786 514 illa
809 455 947 516 inaniter
971 455 1104 529 iactitat,
1128 455 1192 520 hoc
1212 459 1324 540 procul

94 555 201 616 dubio
233 554 325 618 fortis
355 566 389 618 et
419 558 545 619 stabilis
575 560 637 621 ista
669 570 702 621 et
733 562 850 641 quietis
882 564 1118 644 patientissima
1149 566 1262 628 mulier
1293 569 1325 628 in

94 663 238 724 ueritate
262 663 468 746 adimpleuit,
500 666 590 728 bono
613 666 732 730 Christi
756 669 860 730 odore
885 690 923 732 ac
947 670 1146 734 multimodis
1171 675 1325 737 uirtutum

92 771 278 850 pigmentis
300 780 474 835 uenustum
491 775 600 836 cordis
617 775 665 836 sui
681 775 787 838 cubile
811 795 1016 840 consecrans
1040 778 1093 841 illa
1109 781 1150 842 ad
1168 781 1326 844 maiorem

73 880 341 959 sperpetrandae
365 879 545 962 uoluptatis
567 880 751 945 libertatem
776 885 835 948 uiri
860 885 1003 946 abutitur
1025 886 1174 949 absentia
1197 889 1324 952 dicens:

96 1007 159 1053 aaa
184 995 233 1047 est
254 986 309 1048 111
329 987 363 1047 ia
386 987 480 1049 deam
501 1009 577 1060 sua,
601 989 684 1051 abiit
705 990 762 1054 aia
784 991 984 1073 longissima.
1016 993 1058 1055 de
1082 995 1145 1056 ista
1172 997 1203 1058 in
1233 1017 1325 1078 supe·

93 1093 239 1156 rioribus
262 1096 429 1176 praeconii
453 1095 547 1158 huius
570 1097 718 1179 partibus
741 1099 835 1161 iuxta
859 1100 1105 1164 translationem
1130 1102 1225 1165 aliam
1248 1105 1324 1166 dici·

92 1210 164 1264 tur:
190 1220 258 1264 non
282 1209 332 1263 est
355 1201 512 1265 sollicitus
534 1205 577 1266 de
601 1203 659 1279 his,
683 1227 768 1286 quae
791 1207 824 1268 in
848 1208 949 1270 domo
973 1218 1056 1285 sunt,
1081 1211 1129 1271 uir
1149 1212 1226 1285 eius,
1249 1231 1324 1274 cum

91 1309 216 1371 alicubi
241 1310 437 1372 demoratur.
462 1330 529 1372 non
553 1321 604 1373 est
628 1313 713 1375 enim
730 1312 879 1376 Christus
896 1316 1110 1397 corporaliter
1125 1318 1157 1379 in
1178 1316 1324 1393 ecclesia,

62 1420 149 1498 ιο1111
184 1426 263 1499 post
294 1419 565 1482 resurrectionem
596 1421 778 1484 ascendens
810 1423 842 1484 in
873 1421 1000 1485 caelum
1031 1423 1094 1486 illic
1118 1425 1323 1503 demoratum

91 1547 157 1588 nec
182 1533 294 1587 tamen
318 1512 476 1588 sollicitus
499 1537 550 1589 est
573 1528 615 1589 de
638 1526 697 1602 his,
720 1549 805 1608 quae
830 1529 862 1591 in
886 1530 987 1591 domo
1011 1529 1206 1594 fortissimae
1231 1531 1324 1595 huius

92 1633 240 1695 mulieris
270 1642 363 1709 sunt,
396 1635 487 1714 quia,
520 1644 556 1696 ut
587 1655 685 1717 supra
717 1636 841 1698 dictum
873 1645 939 1711 est,
973 1636 1107 1700 conlidit
1139 1641 1171 1701 in
1204 1661 1325 1703 eaeor

92 1742 206 1823 ipsius
238 1761 315 1803 nam
340 1762 413 1803 cum
438 1740 563 1805 caelum
588 1752 620 1804 et
645 1752 766 1804 terram
794 1742 944 1825 impleat,
975 1743 1049 1806 huic
1081 1746 1179 1807 etiam
1211 1747 1323 1810 domui

93 1869 155 1929 per
185 1849 365 1910 diuinitatis
389 1850 608 1931 praesentiam
640 1870 678 1910 ac
702 1850 896 1912 uisitationis
920 1871 998 1912 suae
1021 1853 1161 1931 gratiam
1193 1875 1324 1936 semper

62 1957 195 2018 11111111.
220 1957 362 2037 ideoque
386 1956 470 2018 sicut
492 1956 575 2018 illius
592 1957 809 2018 detestandae
826 1957 967 2020 mulieris
985 1960 1103 2021 domus
1124 1960 1165 2022 ad
1182 1971 1322 2023 mortem

95 2065 250 2126 inclinata
274 2073 332 2137 est,
356 2073 390 2125 et
413 2064 455 2125 ad
480 2062 600 2125 inferos
624 2065 759 2126 semitae
783 2066 895 2146 ipsius,
926 2066 973 2127 sic
996 2064 1090 2128 huius
1114 2067 1322 2130 beatissimae

100 2173 215 2232 domus
238 2171 281 2233 ad
305 2172 406 2232 uitam
431 2179 550 2246 erecta,
574 2180 607 2232 et
630 2171 672 2232 ad
697 2170 823 2232 caelum
852 2173 988 2236 semitae
1013 2174 1089 2235 eius
1122 2175 1208 2237 unde
1232 2185 1322 2238 recte

104 2279 221 2352 dicitur,
246 2280 322 2358 quia
339 2290 459 2359 panem
483 2279 584 2340 otibsa
608 2300 668 2340 non
692 2277 833 2351 comedit,
858 2299 978 2360 panem
1002 2279 1127 2343 scilicet
1146 2281 1244 2357 illum,
1268 2285 1322 2364 qui

103 2386 139 2446 de
166 2385 262 2448 caelo
298 2386 484 2463 descendit3
522 2387 582 2448 sed
617 2385 813 2448 caelestibus
849 2388 974 2450 intenta
998 2389 1265 2452 meditationibus
1289 2400 1323 2453 et

69 2516 92 2539 20
100 2494 212 2556 diuinis
236 2501 399 2575 occupata
431 2492 597 2557 laboribus
625 2494 760 2576 dignam
783 2516 819 2557 se
843 2495 1047 2578 perceptioni
1072 2497 1139 2559 eius
1163 2496 1319 2561 exhibere

101 2602 227 2664 studuit.

500 2832 806 2897 caprsvnvn
836 2808 914 2897 xii.

580 2980 674 3039 Laus
699 2998 719 3039 a
742 2980 832 3040 filiis.

202 3138 419 3199 Surrexemmt
439 3138 515 3219 filii
540 3138 622 3210 eius,
653 3149 684 3199 et
703 3139 922 3201 beatissimam
949 3140 1236 3220 [11111111111111.Ι
1267 3142 1322 3202 air

62 3246 160 3306 ²seius
183 3256 215 3306 et
236 3244 386 3306 laudabit
406 3266 485 3305 eam.
510 3246 598 3307 Ecce
622 3255 709 3307 terra
731 3246 829 3319 bona,
854 3254 940 3308 terra
960 3248 1132 3322 uberrima,
1157 3249 1207 3309 cui
1223 3248 1319 3309 bene·

91 3353 177 3414 dixit
201 3352 373 3413 Dominus,
405 3371 482 3413 ecce
515 3352 653 3432 qualiter
683 3375 702 3414 a
730 3353 892 3415 fructuum
923 3355 1124 3416 incremento
1156 3374 1319 3417 commen·

89 3460 198 3532 datur,
222 3478 321 3539 quam
345 3477 413 3520 non
436 3468 563 3521 tantum
588 3460 733 3541 agricola
756 3463 811 3542 qui
829 3461 983 3536 excoluit,
1007 3462 1065 3523 sed
1084 3469 1117 3522 et
1134 3462 1204 3543 ipse
1221 3454 1318 3543 quem
1402 3513 1405 3519 .

88 3566 230 3647 protulit
253 3564 375 3628 fructus
399 3566 518 3629 laudat.
541 3566 622 3648 filii,
650 3568 763 3649 inquit,
786 3569 855 3631 aias
877 3568 1095 3631 beatissimam
1111 3569 1317 3651 praedicane-

87 3684 174 3736 rant.
200 3672 346 3753 agricola
368 3674 467 3735 etiam
491 3672 586 3735 huius
609 3683 725 3748 terrae,
749 3676 805 3756 qui
828 3685 862 3737 et
878 3676 927 3737 uir
943 3670 1084 3737 mulieris
1100 3675 1317 3750 beatissimae,

33 3781 240 3844 ‘solandabit
263 3800 345 3843 eam.
369 3771 432 3842 ubi'
447 3800 533 3843 nunc
557 3802 693 3862 serpens
716 3783 824 3845 inuide
841 3776 979 3845 uictoria
994 3780 1070 3844 tua?
1094 3782 1149 3844 ubi
1165 3781 1318 3863 gloriatio

87 3899 149 3951 tua
173 3889 215 3949 de
232 3887 366 3949 muliere
381 3886 537 3951 seducta?
561 3907 638 3950 ecce
656 3889 813 3970 originale
830 3889 959 3952 feminei
976 3910 1076 3951 sexus
1093 3890 1317 3952 maledictum:

88 3999 127 4058 in
150 3995 260 4057 dolari
274 3993 387 4075 panis
400 3994 503 4076 filibs,
527 3996 816 4078 superabundante
841 3996 1096 4059 liliorum'laude
1114 3995 1316 4058 absorbetur.

88 4105 123 4165 in
153 4102 310 4185 paradiso
339 4120 397 4182 per
420 4103 533 4164 matris
556 4102 700 4164 radicem
724 4088 823 4165 etiam
848 4102 985 4165 filiorum
1009 4103 1226 4185 propaginem
1251 4122 1317 4165 cor·

90 4209 216 4292 rupisti,
241 4228 318 4271 ecce
342 4208 394 4270 hic
417 4208 564 4271 deiectus
584 4205 799 4285 contabescis,
823 4211 1087 4293 praedicantibus
1103 4209 1174 4273 filiis
1190 4218 1315 4272 tantam

59 4342 82 4379 ss
91 4315 330 4382 beatitudinem
354 4315 474 4377 matris.
498 4326 707 4379 surrexerant
718 4316 795 4399 filii
815 4298 890 4379 eius.
914 4318 1011 4399 prius
1034 4318 1147 4398 inquit,
1171 4337 1317 4379 surrexe·

203 4471 224 4511 1.
245 4458 319 4509 Prou.
342 4470 364 4522 7,
389 4467 427 4521 17.
446 4486 481 4493 -
501 4454 525 4509 6.
545 4458 620 4511 Prou.
642 4470 664 4523 7,
689 4473 727 4529 19.
747 4488 781 4499 -
802 4472 843 4526 32.
864 4460 929 4512 Gen.
950 4472 973 4525 3,
997 4456 1036 4510 16.
1159 4540 1172 4595 7
