3167 5025
254 173 296 237 26

253 370 295 433 de
315 369 513 452 pinguedine
531 369 636 432 carnis
653 390 799 445 manans,
823 368 1108 452 concupiscentiae
1125 368 1300 432 illecebras
1319 368 1486 450 exprimit,

254 477 371 557 quibus
402 477 445 539 illi
476 478 508 540 in
541 477 738 560 Aegyptum
770 476 1029 552 retrahebantur,
1066 478 1121 559 qui
1145 477 1323 539 dicebant:
1364 476 1489 538 utinam

253 586 373 647 rrrortm'
400 606 537 647 essemus
562 598 625 667 per
654 606 787 647 eranum
819 584 957 647 Domini
984 585 1018 646 in
1049 594 1134 647 terra
1164 584 1323 666 Aegypti,
1361 582 1491 665 quando

252 692 438 757 sedebamus
460 704 556 774 super
577 692 661 754 ollas
683 694 846 765 carm'nm,
876 702 907 754 el
928 691 1164 755 comedebamus
1179 704 1287 773 panes
1313 691 1352 753 in
1376 691 1492 753 saturi·
1551 735 1552 740 .

253 810 324 862 tute.
337 801 390 869 ,ad
413 799 549 862 nihilum
573 821 652 863 uero
670 802 840 863 uniuersae
859 800 1090 863 sacrificiorum
1106 809 1298 862 nostrorum
1317 818 1492 881 expensae
1511 821 1516 854 ε

253 908 453 989 rediguntur,
477 910 537 971 nisi
561 917 684 991 petrae,
707 909 740 970 id
765 919 815 971 est
833 907 973 983 Christo,
997 917 1269 990 superponantur,
1295 914 1334 969 et
1361 905 1441 969 fidei
1456 926 1491 967 ac

252 1014 437 1079 dilectionis
454 1017 522 1079 eius
539 1015 704 1078 soliditate
721 1017 914 1078 muniantur.
938 1037 1045 1097 neque
1062 1016 1156 1079 aliter
1174 1017 1250 1097 igne
1266 1014 1341 1089 illo,
1365 1015 1411 1076 de
1428 1033 1491 1095 quo

253 1122 315 1185 ait:
346 1122 451 1204 iguem
481 1124 557 1185 uerti
584 1124 706 1186 mz'ttere
737 1125 771 1185 in
800 1135 935 1195 terram,
967 1107 1094 1186 absumi
1124 1132 1282 1207 possunt,
1317 1132 1358 1185 ut
1384 1122 1489 1184 dicere

253 1229 349 1292 nobis
373 1230 468 1294 liceat
490 1252 564 1294 cum
582 1230 761 1313 propheta:
783 1232 859 1312 agne
873 1254 922 1295 me
937 1232 1144 1304 examinasti,
1166 1242 1273 1295 elnon
1290 1241 1346 1293 est
1361 1230 1489 1292 inuenta

253 1338 288 1399 in
317 1358 367 1401 me
390 1339 554 1420 iniquitas.
587 1341 650 1402 scis
674 1341 744 1422 ipse
768 1339 883 1401 melius
908 1350 1018 1422 pater,
1050 1340 1140 1421 quod
1164 1339 1249 1401 hanc
1272 1340 1508 1421 potissimum

254 1445 402 1515 sacrificii
437 1446 580 1509 hostiam
616 1448 825 1529 praemittere
857 1447 993 1522 debeat,
1028 1467 1126 1528 quem
1157 1448 1269 1509 diuina
1304 1447 1421 1527 gratia
1451 1444 1485 1505 ad

254 1554 498 1636 suscipiendum
521 1554 635 1637 populi
659 1556 706 1617 sui
730 1555 877 1635 regimen
902 1564 1085 1637 praeparat,
1110 1565 1145 1616 ut
1161 1554 1318 1617 uidelicet
1337 1553 1486 1622 haedum,

254 1660 286 1721 id
319 1669 368 1723 est
398 1663 503 1724 carnis
533 1662 715 1736 lasciuiam,
747 1672 897 1725 conterat
921 1672 953 1725 et
977 1665 1160 1742 extinguat.
1192 1671 1325 1724 mature
1355 1662 1438 1723 satis
1458 1661 1484 1719 in
1554 1730 1556 1748 ἶ

255 1769 354 1833 corde
378 1777 436 1830 tuo
459 1768 512 1831 ille
537 1770 600 1832 Dei
624 1771 746 1851 digitus
771 1770 918 1833 ordinem
943 1772 1041 1831 istum
1058 1771 1286 1853 descripserat,
1314 1770 1376 1850 qui
1393 1768 1484 1829 etiam
1554 1763 1556 1788 ¹

253 1877 286 1940 in
309 1877 447 1940 edendis
471 1879 547 1958 agni
571 1876 735 1959 paschalis
760 1878 912 1940 carnibus
935 1879 981 1939 ita
1004 1879 1219 1960 praecipitur:
1249 1899 1347 1941 renes
1370 1886 1503 1939 mstrosu

254 1984 440 2065 accingetis,
471 1984 686 2047 calceamenta
719 1984 873 2047 habehim
904 1986 938 2047 iu
962 1984 1100 2066 pedatus
1129 1996 1265 2047 tenentes
1297 1983 1435 2047 baculos
1455 1981 1480 2041 in

253 2090 409 2163 mam'bus,
434 2113 473 2155 ac
497 2094 523 2153 si
547 2093 692 2155 dicatur:
717 2094 845 2172 uirgam
869 2113 966 2155 curae
982 2092 1158 2175 pastoralis
1174 2094 1385 2155 continentia
1400 2108 1477 2173 prae·
1554 2131 1556 2138 -

255 2198 351 2261 cedat
368 2199 536 2275 castitatis
554 2202 692 2282 sumptis
709 2200 742 2261 in
758 2220 853 2292 usum
866 2201 952 2262 uitae
966 2210 1154 2262 sanctorum
1168 2209 1300 2282 patrum
1315 2196 1481 2279 exemplis,

255 2308 347 2387 quasi
379 2308 537 2389 speciosis
570 2308 611 2369 ad
643 2308 810 2369 munimen
842 2327 1012 2388 gressuum
1036 2307 1275 2371 calceamentis.
1312 2307 1373 2371 tali
1404 2305 1480 2367 enim

254 2414 368 2477 ordine
393 2414 435 2477 ad
459 2416 625 2495 regiminis
649 2415 787 2495 gradum
805 2415 884 2497 ipse,
908 2437 968 2496 per
983 2437 1082 2497 quem
1097 2437 1193 2497 reges
1210 2426 1367 2496 regnant,
1391 2410 1507 2475 beati-2⁰
1554 2405 1556 2420 '

253 2523 402 2586 tudinem
426 2532 515 2585 tuam
540 2522 722 2605 prouehere
747 2522 858 2599 uoluit,
882 2525 937 2604 qui
961 2525 1019 2586 tibi
1043 2525 1085 2586 ab
1109 2526 1187 2607 ipsis
1210 2523 1373 2586 infantiae
1394 2518 1476 2582 annis

255 2631 502 2699 conseruandae
526 2623 686 2693 castitatis
711 2641 824 2694 uotum
849 2633 1027 2714 inspirauit,
1051 2642 1085 2693 et
1110 2633 1151 2694 ad
1168 2634 1345 2713 sequenda
1363 2634 1476 2693 sancto·

254 2759 325 2802 rum
350 2740 488 2820 uestigia
512 2759 707 2822 prosperum
731 2741 793 2800 iter
817 2742 988 2803 concessit.

362 2846 566 2929 Quaeramus
582 2847 725 2921 tandem,
743 2848 821 2929 quid
839 2846 978 2911 Gedeon
994 2849 1056 2910 iste
1073 2857 1169 2909 sonet
1185 2849 1217 2909 in
1234 2849 1383 2920 nomine,
1398 2839 1476 2905 cuius

219 2970 222 2974 ·
254 2963 382 3018 tantum
397 2983 400 2988 ¹
414 2955 579 3017 erudimur
609 2956 811 3037 operatione.
843 2957 1077 3037 interpretatur
1108 2957 1193 3016 enim
1216 2945 1494 3037 ”experimentum
1550 3010 1553 3023 ,

254 3063 431 3144 iniquitatis
472 3083 594 3125 eorum.
641 3062 864 3144 frequentibus
903 3064 1026 3145 quippe
1065 3064 1232 3143 signorum
1276 3053 1473 3124 documentis
1550 3042 1556 3113 l

253 3168 446 3233 informatus
488 3179 553 3246 est,
598 3169 684 3252 quali
723 3172 898 3252 praesagio
935 3170 1076 3232 futuram
1117 3180 1233 3233 contra
1274 3169 1391 3233 hostes
1426 3164 1477 3227 uic·

255 3279 372 3341 toriam
398 3280 612 3360 experiretur,
637 3288 669 3340 et
693 3279 736 3341 de
759 3279 824 3340 hoc
840 3279 1070 3361 experimento
1087 3278 1328 3359 etymologiam
1344 3269 1476 3340 nominis

256 3387 402 3467 sumpsit.
433 3407 494 3448 nos
525 3388 636 3468 itaque
667 3395 736 3448 tarn
767 3387 908 3448 nominis
939 3407 1040 3466 quam
1071 3387 1181 3468 operis
1212 3386 1281 3446 eius
1306 3383 1475 3468 participes

255 3491 322 3554 lieri
358 3502 564 3572 satagamus,
599 3496 644 3555 ita
680 3514 774 3567 sane,
811 3502 846 3554 ut
878 3514 897 3554 a
930 3493 1210 3574 praecipitationis
1241 3493 1321 3554 uitio
1360 3481 1496 3553 consiliit

255 3601 443 3662 maturitate
474 3621 681 3678 reuocernur;
713 3621 753 3662 ne
784 3611 909 3662 temere
941 3609 1061 3682 coepta
1089 3619 1317 3663 consummare
1342 3617 1409 3660 non
1431 3610 1477 3652 va·

255 3707 374 3782 lentes,
415 3710 529 3770 uirium
573 3719 759 3772 nostrarum
802 3729 988 3770 mensuram
1030 3729 1103 3770 sera
1143 3709 1238 3770 nimis
1279 3699 1476 3789 experientia
1549 3773 1550 3793 Χ

256 3823 508 3897 cognoscamus
537 3819 626 3879 omni
658 3820 756 3880 ctiam
781 3818 972 3899 sagacitatis
997 3817 1156 3878 industria
1179 3817 1221 3878 ad
1245 3816 1309 3878 hoc
1332 3820 1473 3876 nostrum

255 3923 422 4004 inuigilare
446 3933 579 4007 oportet
604 3926 806 3998 exercitium,
830 3924 969 4008 qualiter
992 3925 1034 3986 de
1057 3923 1145 3986 bello
1170 3930 1286 3985 contra
1306 3911 1474 3984 inuisibiles

256 4033 462 4094 aduersarios
494 4031 587 4093 nobis
612 4034 786 4114 proposito
812 4052 929 4114 capere
954 4031 1121 4093 ualeamus
1145 4031 1354 4113 triumphum.
1390 4015 1500 4105 quodsi

256 4141 283 4200 si
307 4160 366 4221 per
397 4148 587 4221 susceptum
618 4141 709 4220 pacis
740 4141 922 4221 principem
954 4139 995 4201 ad
1027 4147 1143 4200 uotum
1165 4140 1261 4200 nobis
1285 4127 1472 4221 prouenerit,
1545 4204 1546 4230 ,

255 4255 344 4311 tune.
357 4248 489 4309 demum
514 4246 711 4328 uigilantiori
735 4247 1029 4329 circumspectione
1049 4248 1219 4328 opuserit,
1242 4267 1283 4308 ne
1300 4248 1342 4308 de
1358 4237 1470 4304 subiec·
1543 4239 1548 4319 l

364 4403 386 4455 5.
408 4393 454 4442 Ex.
478 4387 515 4453 ro,
537 4403 561 4451 3.
581 4417 616 4426 »-
636 4389 659 4438 8.
681 4391 741 4438 Luc.
766 4403 804 4449 12,
825 4405 868 4461 49.
888 4419 924 4426 -
947 4404 984 4438 10.
1005 4391 1069 4439 Psal.
1094 4387 1132 4447 16,
1153 4403 1176 4451 3.
1196 4418 1231 4426 -
1254 4402 1293 4451 17·
1314 4387 1466 4441 Er.12,11·
1543 4416 1547 4481 ἓ
