3167 5025
1248 241 1308 316 133

85 427 159 491 olla
182 429 297 492 nullius
321 429 466 493 maculae
489 431 676 512 incorpore
700 450 760 493 suo
780 429 928 495 'ostendit
952 433 1097 514 uestigia,
1120 452 1218 495 carne
1242 433 1310 494 eius

83 535 182 598 uelut
205 539 300 600 niueo
324 539 467 600 candore
491 536 652 612 dealbata,
676 538 762 600 unde
785 547 854 600 tam
876 538 973 601 rebus
990 558 1088 620 quam
1104 539 1212 602 uerbis
1227 541 1310 602 iuste

83 647 172 706 satis
197 644 403 707 Diocletiano
428 645 661 727 exprobrabat.

200 751 264 834 Qui
295 754 399 834 magis
432 774 470 815 ac
501 755 605 835 magis
636 761 804 836 tamquam
831 753 954 817 facibus
978 754 1171 837 quibusdam
1195 755 1310 818 furoris

51 850 310 928 5inflammatus
342 862 509 942 ingentem
540 871 655 924 contra
688 882 761 924 eum
792 862 897 925 laxari
928 864 1018 925 iussit
1049 863 1194 926 leonem:
1225 864 1311 926 uide-

77 967 207 1043 bimus,
231 969 387 1049 inquiens,
412 971 437 1030 si
461 978 494 1030 et
517 968 591 1031 huic
613 989 672 1051 per
687 971 849 1051 magicam
873 978 962 1032 tuam
985 970 1175 1054 praeualeas
1199 980 1310 1038 artem.

80 1076 142 1136 cui
167 1075 283 1138 beatus
305 1077 402 1140 Vitus
427 1079 486 1140 ait:
518 1080 593 1159 quia
617 1078 696 1140 dicis
719 1079 874 1160 insipiens
898 1080 930 1141 in
954 1080 1053 1141 corde
1077 1089 1150 1142 tuo:
1182 1091 1314 1142 nonest

78 1183 197 1255 Deua,
229 1194 467 1266 consequenter
490 1185 601 1248 bestiis
625 1186 805 1249 tradendos
837 1187 999 1261 decernis,
1031 1188 1086 1268 qui
1117 1185 1312 1249 confitentur

78 1292 216 1353 nomini
240 1294 315 1354 eius,
340 1293 398 1354 sed
415 1293 490 1375 quia
506 1293 676 1355 nobiscum
696 1294 766 1375 ipse
783 1313 822 1355 ac
838 1314 898 1375 pro
914 1293 1009 1356 nobis
1026 1302 1085 1369 est,
1109 1295 1179 1375 quis
1197 1303 1312 1357 contra

43 1397 174 1460 10nosi
205 1407 238 1459 et
269 1397 318 1461 his
346 1399 440 1461 dictis
465 1398 551 1460 leoni
575 1408 690 1461 contra
712 1420 747 1461 se
772 1400 906 1462 dimisso
930 1401 1034 1462 crucis
1058 1401 1186 1482 signum
1210 1422 1312 1484 oppo-

79 1507 155 1569 suit
188 1525 384 1588 omnemque
416 1509 484 1570 eius
516 1506 676 1569 feritatem
704 1509 852 1589 protinus
876 1509 1053 1590 mitigauit,
1084 1509 1129 1570 ita
1159 1517 1195 1570 ut
1225 1508 1313 1571 flexa

81 1617 219 1678 ceruice
251 1615 389 1696 pedibus
423 1616 490 1677 eius
522 1615 729 1678 accumberet
760 1614 935 1697 linguaque
959 1637 1018 1678 sua
1049 1615 1160 1679 lassati
1182 1636 1313 1698 corpus·

81 1722 153 1786 culi
179 1722 334 1784 sudorem
358 1731 555 1805 extergeret.
588 1722 741 1785 exultans
764 1724 874 1804 itaque
898 1743 959 1805 pro
983 1722 1088 1805 gloria
1111 1722 1245 1785 Domini
1268 1725 1312 1786 ait

81 1831 297 1913 imperatori:
337 1851 413 1892 ecce
445 1829 555 1892 feritas
586 1831 716 1894 beluina
747 1831 788 1893 ad
820 1840 935 1893 nutum
967 1832 1122 1893 creatoris
1155 1831 1311 1912 mitigata,

49 1938 351 2008 isdominationem
383 1939 450 1999 eius
482 1939 729 2019 quodammodo
761 1959 795 1999 se
827 1959 1007 2019 agnoscere
1038 1937 1090 2000 uel
1117 1939 1236 1999 sentire
1260 1938 1312 1999 de·

86 2055 270 2123 monstrat;
302 2054 337 2106 tu
361 2066 440 2107 uero
464 2065 561 2107 sensu
585 2044 733 2107 rationali
756 2047 940 2127 praedituS,
965 2053 1131 2126 potestate
1154 2043 1312 2127 imperiali

91 2153 300 2228 sublimatuS,
332 2155 414 2215 tanti
445 2155 586 2215 muneris
610 2151 799 2235 largitorem
822 2153 973 2215 indurato
997 2153 1097 2215 corde
1121 2153 1312 2217 contemnis.

96 2262 126 2322 in
149 2281 246 2343 quem
270 2262 297 2322 si
320 2260 432 2323 relicta
455 2258 644 2322 infidelitate
668 2261 835 2335 crederes,
867 2269 943 2342 post
966 2260 1157 2343 temporalis
1187 2261 1313 2343 imperii

94 2371 260 2451 angustias
284 2367 440 2430 infinitam
464 2369 505 2430 ab
530 2389 569 2431 eo
594 2369 685 2449 regni
709 2366 858 2430 caelestis
883 2367 1020 2449 gloriam
1044 2369 1237 2450 perciperes
1262 2369 1312 2430 cui

57 2507 82 2534 ,ο
91 2478 272 2560 imperator
303 2477 362 2539 ait:
393 2484 428 2538 tu
460 2496 534 2538 cum
565 2474 784 2539 infelicissimo
809 2494 929 2557 genere
953 2484 1011 2538 tuo
1035 2476 1150 2539 credas
1173 2477 1206 2539 in
1229 2496 1312 2551 euni,

92 2607 155 2667 ego
180 2593 291 2647 autem
315 2604 334 2645 a
357 2586 568 2646 ueneratione
591 2605 658 2646 non
682 2582 835 2646 recedam
859 2584 997 2646 deorum
1014 2603 1169 2645 meorum.
1194 2593 1227 2646 at
1243 2584 1312 2650 ille:

94 2692 284 2760 maledicto,
315 2692 435 2772 inquit,
467 2711 519 2753 me
543 2692 674 2753 iaculari
697 2691 812 2754 uolens
835 2690 1099 2753 benedictionem
1124 2692 1313 2773 ignoranter

93 2786 268 2884 protulisti.
300 2820 376 2861 uere
400 2801 520 2861 etenim
544 2820 647 2881 genus
671 2797 764 2873 illud,
795 2799 884 2861 cuius
908 2798 1151 2881 propinquitate
1174 2801 1313 2880 gaude0,

90 2928 206 2991 genus,
237 2909 378 2988 inquam,
409 2906 548 2968 electum
573 2926 654 2987 gens
678 2914 791 2967 sancta
823 2905 963 2988 populus
987 2906 1207 2986 acquisitionis
1238 2904 1314 2967 fidei

57 3018 160 3079 ueius
193 3017 333 3096 gratiam
364 3014 575 3076 deuotissime
607 3011 828 3094 amplectitur,
860 3013 946 3075 unde
977 3021 1011 3074 et
1036 3014 1199 3095 promissa
1221 3014 1314 3095 regni

86 3126 161 3186 eius
184 3120 387 3185 beatitudine
410 3123 443 3183 in
468 3123 700 3203 sempiternum
725 3119 916 3202 perfruetur.

200 3230 260 3291 His
292 3230 409 3291 auditis
441 3237 474 3290 et
505 3229 581 3290 uisis
612 3227 698 3290 mille
729 3227 935 3289 crediderunt
965 3224 1114 3288 homines
1136 3214 1314 3310 promiscui

85 3358 195 3402 sexus
220 3358 263 3399 ex
286 3336 419 3419 populo,
443 3337 502 3419 qui
521 3337 619 3399 etiam
642 3336 769 3418 pridem
792 3336 825 3397 in
849 3335 965 3396 diuinis
989 3333 1227 3396 acclamauerat
1249 3333 1314 3396 lau·

85 3447 198 3520 dibus,
223 3464 296 3506 cum
319 3445 435 3506 beatus
459 3452 585 3523 martyr
601 3444 642 3505 ab
659 3444 734 3524 igne
752 3442 956 3524 apparuisset
972 3441 1111 3503 illaesus
1135 3442 1314 3523 imperator

54 3574 174 3622 Jouero
197 3553 332 3633 magicis
354 3550 437 3613 haec
461 3550 583 3613 artibus
600 3551 654 3631 agi
670 3550 893 3633 populumque
910 3548 991 3611 falsa
1006 3549 1143 3611 credens
1159 3550 1313 3633 opinione

84 3661 214 3734 seduci,
238 3668 398 3722 catastam
422 3652 608 3743 praeparari
633 3659 733 3733 iussit,
757 3664 790 3719 et
807 3659 839 3719 in
856 3678 895 3718 ea
910 3655 1045 3718 beatum
1062 3655 1176 3718 Vitum
1192 3657 1314 3739 pariter

86 3788 168 3833 curn
199 3766 353 3829 Modesto
376 3776 484 3854 'atque
517 3764 705 3828 Crescentia
737 3765 881 3827 extendi.
917 3771 994 3826 tunc
1025 3762 1157 3825 demum
1188 3772 1314 3845 martyr

30 3852 31 3859 ἵ
88 3883 235 3948 sanctus,
259 3876 314 3956 qui
337 3876 425 3957 prius
450 3876 535 3936 circa
558 3875 720 3935 seniorem
744 3873 915 3934 nutricium
939 3890 1032 3933 suum
1052 3870 1185 3932 beatum
1202 3852 1322 3933 Modess

31 3986 34 4089 l
89 3993 181 4047 stum
205 3982 291 4064 piam
316 3980 566 4043 sollicitudinem
587 3980 784 4055 ostenderat,
809 3978 967 4040 femineae
991 3981 1122 4060 quoque
1145 3978 1264 4039 timens
1280 3984 1314 4038 et

57 4121 80 4157 u
91 4091 299 4171 compatiens
322 4087 495 4170 fragilitati,
519 4107 579 4171 pro
600 4086 697 4149 beata
715 4084 904 4149 Crescentia
920 4093 1096 4170 tyrannum
1111 4082 1161 4146 his
1177 4083 1313 4146 uocibus

91 4201 237 4262 incusat:
261 4216 344 4277 quae
365 4196 422 4258 tibi
446 4216 544 4258 causa
567 4192 711 4257 carnifex
735 4195 842 4276 impie,
866 4191 917 4254 uel
941 4213 1024 4274 quae
1048 4192 1216 4254 contentio
1239 4181 1315 4253 curn

35 4340 37 4399 ἰ
93 4303 201 4385 fragili
224 4301 373 4364 muliere?
398 4321 463 4364 non
488 4299 650 4364 erubescis
675 4302 772 4362 etiam
797 4300 828 4361 in
852 4298 905 4362 illa
928 4300 1082 4362 saeuitiae
1106 4308 1181 4359 tuae
1204 4307 1314 4380 tyran·

206 4443 230 4493 8.
250 4445 289 4493 Ps.
313 4456 351 4509 13,
375 4457 396 4492 1.
