3167 5025
1260 257 1395 340 87*

58 459 142 522 estis
166 452 351 542 sepulchris
373 453 540 532 dealbatis,
562 481 643 543 quae
666 481 687 520 u
703 455 794 540 son‘s
810 467 929 542 parent
951 452 1131 520 luminibus
1153 457 1302 538 speciosa,

59 569 157 630 intus
184 589 261 630 uero
277 566 377 649 plena
400 577 483 646 sum¹
498 567 620 629 ossibus
642 576 838 645 mortuorum
861 574 892 627 ct
912 563 1002 627 omui
1020 564 1183 646 spurcitia.

179 675 238 739 Sic
270 683 304 737 et
335 695 395 737 uos
426 695 446 736 a
476 673 553 740 soris
586 675 722 756 quidem.
742 673 865 757 paretis
888 670 1072 736 hominibus
1096 673 1186 748 iusti,
1217 673 1302 736 intus

59 790 184 848 autem
219 774 307 864 pleni
339 782 417 844 estis
446 780 616 864 hypocrisi
647 790 681 844 et
712 779 890 862 iniquitate.
922 799 1020 843 causa
1043 799 1122 842 uero
1147 779 1303 856 subditur,

42 890 155 952 eunde
185 891 232 952 sit
255 889 345 970 quod
368 889 482 952 domui
505 892 588 953 suae
608 909 628 950 a
650 887 825 970 frigoribus
848 901 915 950 non
939 887 1061 950 timuit:
1091 907 1198 950 omncs
1220 887 1303 973 cuim

68 996 244 1059 domestici
263 995 332 1058 eius
353 995 462 1058 uestiti
481 994 668 1076 duplicibus.
691 1001 759 1058 non
782 993 853 1058 sola
876 993 982 1057 forma
1005 994 1161 1058 uirtutum
1184 995 1304 1060 extrins

67 1125 165 1166 secus
193 1102 321 1186 palliati
344 1112 446 1178 erant,
469 1103 529 1165 sed
553 1101 718 1185 duplicem
742 1110 885 1166 uestem:
906 1121 1011 1166 unam
1036 1101 1144 1184 operis
1168 1101 1304 1167 alteram

64 1213 214 1286 mentis,
242 1231 345 1274 unam
374 1211 502 1274 actiuae
534 1209 670 1272 alteram
701 1207 980 1292 contemplatiuae
1011 1207 1098 1270 uitae
1130 1206 1304 1298 habebant.

65 1320 128 1382 alia
147 1318 344 1383 ⁴translatio
367 1338 435 1382 non
456 1323 585 1381 tantum
608 1318 811 1380 domesticos
838 1318 896 1380 sed
921 1318 1023 1380 uirum
1041 1315 1153 1399 ipsum
1185 1318 1305 1400 specia-

37 1427 145 1489 wliter.
165 1427 217 1489 ab
241 1447 281 1489 ea
304 1426 458 1488 uestitum
482 1433 640 1500 testatur,
669 1423 825 1507 duplicia.
844 1425 992 1506 inquiens
1015 1422 1114 1506 pallia
1136 1423 1212 1488 fecit
1235 1425 1305 1488 uiro

66 1555 137 1596 suo.
183 1533 331 1617 duplicia
365 1531 496 1596 Christo
531 1530 608 1596 fecit
634 1531 757 1614 pallia,
777 1532 998 1594 diuinitatem
1033 1531 1102 1594 eius
1140 1531 1235 1595 simul
1273 1541 1306 1594 et

66 1641 316 1704 humanitatem
350 1638 541 1703 confitendo
573 1648 617 1700 et
638 1638 723 1702 h'anc
754 1639 1014 1720 quibuscumque
1045 1647 1182 1722 poterat
1207 1639 1306 1704 fidem

68 1748 283 1811 insinuando.
315 1755 510 1810 contextum
542 1755 594 1838 est*
623 1747 729 1830 primo
760 1748 1031 1830 pretiosissimum
1045 1773 1048 1778 ·
1063 1745 1156 1810 illud.
1172 1747 1305 1829 pallium'

69 1857 201 1920 laudis:
224 1857 260 1918 in
277 1856 440 1938 principii>
460 1865 533 1918 erat
563 1855 704 1928 Verbum,
727 1866 757 1918 ct
783 1855 917 1918 Verbum
940 1865 1010 1918 erut
1031 1854 1122 1936 apud
1141 1855 1258 1930 Deum,
1272 1867 1309 1918 ct

40 1964 161 2031 15Deus
181 1975 263 2031 terat
289 1963 429 2026 Verbum.
454 1962 512 2025 leuc
535 1974 605 2025 erut
627 1963 661 2026 iu
678 1963 841 2046 princzpz'o
863 1962 955 2046 apud
973 1963 1087 2025 Deum.
1111 1972 1306 2026 contextum

73 2081 121 2132 est
154 2080 196 2134 et
226 2070 327 2134 aliud'
342 2079 481 2153 propter
503 2071 790 2134 conuersationem
811 2071 896 2162 inter
918 2069 1094 2134 hominesz.
1114 2080 1145 2132 et
1175 2070 1306 2136 Verbum

77 2200 147 2241 caro
171 2181 307 2260 fuctum
336 2189 398 2250 est,
428 2188 459 2240 et
487 2176 651 2240 dubitauit
679 2178 713 2240 iu
743 2177 839 2240 uobis.
871 2177 946 2240 licet
963 2182 1087 2240 'autem
1107 2176 1207 2260 longe
1230 2187 1307 2242 ante

81 2294 232 2369 tempora
250 2285 356 2347 huius
387 2293 522 2348 sanctae
545 2285 700 2365 martyris
729 2283 795 2348 fide
818 2305 857 2347 ac
881 2285 990 2347 studio
1014 2285 1135 2348 matris
1150 2284 1308 2348 ecclesiae

84 2394 175 2473 pallia
205 2395 272 2456 ista
301 2391 419 2454 fuerint
449 2399 629 2467 contexta,'·
656 2390 877 2457 nihilominus,
898 2400 1009 2454 tamen
1036 2393 1124 2474 ipsa!
1138 2402 1174 2455 ut
1205 2392 1308 2456 fidelis

54 2532 75 2557 20
83 2499 141 2565 filia
164 2502 273 2565 uirum
297 2505 400 2583 suuin'
415 2499 474 2577 his,
500 2517 591 2583 vquae
614 2521 635 2564 a
657 2510 763 2565 matre
785 2508 988 2585 susceperat,
1009 2500 1153 2563 induisse
1176 2501 1309 2563 dicitur:

85 2612 187 2674 corde.
204 2609 360 2673 uidelicet
384 2609 551 2672 credendo
575 2610 618 2671 ad
631 2610 807 2685 iustitium,
826 2630 895 2672 :ore
918 2616 1029 2674 autem
1053 2607 1242 2673 confitendo
1256 2608 1308 2673 ‘ad
1358 2618 1360 2625 '

92 2716 237 2792 salutem,
265 2725 299 2779 et
322 2717 371 2779 ad.
390 2717 536 2779 eiusdem
554 2714 637 2777 fidei
659 2718 818 2782 unitatem
844 2716 1039 2779 salutaribus
1063 2716 1205 2781 consiliis
1228 2714 1310 2779 alios

95 2824 303 2902 perducendo.
335 2822 453 2886 felices,
475 2822 537 2898 illi,
567 2821 795 2904 quibus'tunc
826 2823 918 2887 fortis
932 2878 935 2886 .
949 2823 1032 2900 haec
1062 2824 1176 2887 mulier
1199 2826 1232 2887 in
1258 2823 1308 2893 his

96 2931 233 2995 omnibus
257 2931 398 3013 prouide
420 2930 624 3004 consulebat,
648 2938 789 3012 quorum
811 2939 880 2995 tam
904 2931 1003 2995 fidem
1023 2948 1123 3013 quam
1139 2934 1309 2995 conuersa·

59 3063 80 3099 25
90 3038 204 3101 tionem
228 3040 285 3122 pia
309 3038 497 3119 magisterii.
514 3039 710 3101 auctorltate
734 3039 881 3121 regebat.
913 3038 1023 3103 felices
1046 3049 1080 3101 et
1094 3056 1162 3102 uos
1178 3039 1310 3114 iratres,

85 3148 229 3211 eiusdem
253 3148 372 3209 beatae
393 3148 549 3227 martyris
574 3148 755 3223 domestici,
778 3148 897 3230 quibus
909 3150 993 3231 ipsa
1006 3168 1093 3211 nunc
1108 3147 1310 3211 inuisibiliter

82 3256 273 3335 praesidens
296 3262 331 3315 et
353 3254 500 3316 creditae
520 3253 723 3317 sibi‘domus
746 3260 858 3316 curam
882 3275 993 3335 agens,
1027 3255 1056 3316 si
1080 3268 1178 3335 quam
1201 3254 1233 3317 in
1251 3254 1310 3316 ali*

82 3383 157 3443 quo
171 3371 325 3425 ,uestrum
355 3360 489 3441 frigoris¹
516 3362 682 3442 praedicti.
707 3362 1220 3437 auramisenseri't,mox·1uir0
1247 3381 1309 3423 suo

81 3489 211 3533 summo
242 3469 327 3551 patri
345 3466 493 3548 :familias
521 3483 582 3548 pro
607 3467 711 3532 salute
744 3473 868 3531 uestra.
886 3467 1049 3550 supplicat
1079 3477 1114 3530 et
1144 3467 1310 3550 duplicem

53 3580 181 3647 30uobis.
197 3577 355 3639 caritatis
372 3576 546 3638 amictum
573 3576 742 3656 impetrat3
778 3581 846 3657 quo?
864 3576 1024 3657 'quisquis
1057 3577 1214 3653 caruerit,
1233 3577 1309 3638 ¹etsi

81 3684 257 3747 domestici
276 3684 422 3749 ‘nomine
436 3683 480 3745 ad
502 3690 633 3765 tempus
657 3682 789 3763 gloriari
801 3738 802 3741 ,
813 3683 971 3757 uideatur,
982 3684 1182 3746 introeunte
1197 3694 1309 3745 tamen

53 3820 56 3824 ²
81 3813 159 3877 rege
174 3793 219 3853 ⁴in
242 3792 402 3853 tenebras,
419 3790 601 3853 exteriores
625 3790 767 3880 cicietur.
843 3842 847 3849 ,
1282 3789 1307 3801 ”

84 3950 130 3959 ”’
184 3922 306 3982 ινξΜεῐζ·
320 3923 361 3995 2'3,
382 3929 479 3995 2'7.¹-
501 3941 540 3997 ις.
560 3934 643 3993 Ios-1,
668 3944 688 3981 1.
708 3942 809 3994 ὲ--ι7,γ
825 3934 969 3994 losum.
1083 3973 1087 3985 .
