3167 5025
1255 251 1315 319 127

78 432 287 496 Valerianus
319 456 451 516 praeses
483 436 580 498 afluit.
613 439 667 517 qui
699 456 759 518 pro
791 438 978 518 conspectis
1009 437 1152 522 incaute,
1169 439 1230 500 diis
1254 437 1315 500 hac

77 561 160 604 eum
190 541 377 605 calamitate
403 543 574 607 multatum
599 545 749 619 audiens,
781 564 898 606 caecus
921 565 1022 606 caeco
1045 544 1164 607 inutilis
1192 545 1317 608 consilii

76 648 249 711 ducatum
272 650 409 731 praebet
433 651 554 726 dicens
574 652 690 731 Jouem
714 651 804 713 uelut
826 652 963 713 deorum
987 653 1168 734 principem
1185 673 1316 734 recupe-

76 757 215 818 randae
243 756 355 819 salutis
379 759 485 840 gratia
508 760 594 821 uotis
619 781 691 820 esse
715 758 913 842 placandum
936 767 970 820 et
993 759 1166 821 sacrificiis
1198 781 1315 823 caecus

57 864 188 943 sigitur
221 865 327 926 surdis
357 866 541 928 numinibus
573 887 655 928 uane
687 867 866 949 supplicat,
904 869 1087 929 insensatos
1119 888 1180 948 pro
1211 867 1315 929 salute

77 971 286 1056 interpellat,
310 974 492 1035 uotissese
515 973 700 1055 obstringit,
724 976 783 1036 sed
808 976 852 1037 nil
875 976 1009 1037 remedii
1028 977 1175 1058 percipit.
1199 975 1316 1037 beatus
1408 1055 1412 1066 ι

77 1087 201 1140 autem
226 1079 323 1141 Vltus
347 1081 474 1162 coeptis
498 1090 649 1162 perstans
673 1082 705 1143 in
729 1082 897 1164 precibus:
927 1082 1034 1156 DeuS,
1058 1083 1177 1163 inquit,
1201 1092 1316 1144 auctor

78 1186 205 1248 salutis
237 1195 405 1261 aeternae,
437 1189 526 1250 cuius
555 1197 605 1250 est
628 1197 800 1270 percutere
824 1199 856 1251 et
880 1211 1012 1265 sanare,
1043 1191 1193 1252 occidere
1218 1199 1251 1251 et
1274 1192 1316 1252 ui·

78 1293 231 1368 uificare,
263 1297 318 1376 qui
342 1305 469 1378 patrem
494 1316 602 1358 meum
626 1316 686 1378 pro
711 1297 870 1359 caecitate
894 1297 1004 1358 cordis
1027 1298 1126 1358 etiam
1150 1299 1316 1378 corporeis

49 1428 68 1452 10
79 1404 265 1466 excaecari
288 1404 463 1485 permisisti
487 1403 605 1478 oculiS,
638 1403 802 1465 sublatum
826 1401 870 1465 illi
893 1424 1017 1485 quaeso
1040 1404 1150 1468 lumen
1173 1406 1316 1480 restitue,

79 1513 106 1572 si
124 1520 247 1572 tamen
271 1519 327 1572 tua
350 1511 542 1572 intrinsecus
566 1509 741 1572 illuminari
760 1512 961 1572 consenserit
985 1510 1057 1572 fide.
1082 1513 1142 1572 erit
1166 1514 1251 1574 enim
1272 1533 1315 1575 ex

80 1615 147 1680 hoc
184 1617 310 1679 nomini
341 1625 397 1679 tuo
429 1616 549 1698 gloria,
580 1616 758 1680 simulacris
790 1627 900 1680 autem
931 1628 965 1681 et
991 1617 1041 1680 his
1064 1621 1118 1699 qui
1143 1619 1253 1681 colunt
1277 1641 1317 1682 ea

82 1726 244 1808 perennis
271 1725 457 1806 ignominia.
489 1726 613 1787 interea
636 1725 743 1807 Hylas
766 1727 856 1787 irrita
878 1727 1023 1788 sentiens
1056 1736 1135 1788 uota
1165 1747 1225 1789 sua
1255 1747 1316 1790 nec

83 1833 149 1895 ulla
170 1815 317 1896 'deorum
341 1853 474 1894 suorum
498 1834 633 1896 audiens
658 1854 832 1916 responsa,
863 1834 905 1895 ad
930 1833 1029 1895 filium
1061 1833 1168 1896 adhuc
1191 1836 1223 1896 in
1248 1855 1316 1896 ora·

54 1943 178 2004 atione
212 1941 357 2021 positum
389 1940 538 2002 manibus
569 1940 734 2003 reducitur
764 1940 985 2016 seruulorum,
1017 1943 1150 2023 eiusque
1178 1943 1316 2022 genibus

86 2047 286 2129 prouolutus
310 2049 383 2128 piae
408 2048 654 2111 interuentionis
678 2047 805 2129 flagitat
829 2047 994 2111 auxilium.
1019 2050 1069 2111 cui
1085 2049 1202 2111 beatus
1218 2071 1315 2132 puer:

91 2158 118 2228 si,
143 2155 263 2236 inquit,
287 2153 425 2217 salutem
449 2157 605 2236 consequi
630 2155 805 2229 desideras
830 2157 921 2218 uanis
937 2177 997 2238 per
1012 2157 1122 2219 omnia
1137 2158 1316 2220 simulacris

95 2263 300 2336 abrenuntia,
334 2283 417 2344 quae
450 2263 550 2326 totius
583 2262 715 2326 humani
748 2265 877 2345 generis
910 2262 1005 2325 saluti
1037 2275 1113 2326 sunt
1145 2267 1316 2327 contraria.

94 2371 198 2452 Hylas
223 2371 410 2452 respondit;
440 2391 504 2451 qua
528 2372 653 2432 ratione
677 2373 738 2433 diis
763 2372 991 2434 abrenuntiare
1015 2381 1151 2455 potero',
1178 2393 1316 2455 quorum

64 2501 84 2528 20
93 2479 166 2543 mihi
193 2500 213 2541 a
236 2478 502 2560 progenitoribus
534 2479 613 2541 meis
645 2480 764 2541 tradita
794 2488 826 2542 et
850 2481 1082 2543 commendata
1112 2491 1163 2543 est
1194 2480 1317 2562 religio,

95 2596 124 2647 et
156 2607 241 2668 quos
274 2606 377 2668 usque
410 2588 442 2647 in
474 2595 681 2669 praesentem
716 2588 802 2649 diem
836 2588 960 2650 deuoto
994 2609 1125 2672 semper
1159 2589 1317 2652 honoraui

101 2694 246 2758 seruitio?
279 2695 320 2756 ad
352 2714 449 2776 quem
481 2695 597 2757 beatus
627 2696 740 2758 Vitus:
772 2697 864 2770 ideo,
897 2698 957 2771 ait,
988 2696 1097 2757 lumen
1129 2696 1210 2759 caeli
1241 2705 1317 2757 tuae

103 2802 296 2865 subtractum
326 2810 375 2862 est
399 2801 597 2876 infidelitati,
628 2804 717 2883 quod
743 2812 854 2865 tamen
878 2804 1051 2877 continu0,
1081 2804 1136 2865 ubi
1159 2802 1241 2865 haec
1264 2803 1317 2865 ab·

98 2912 264 2992 negaueris
288 2918 320 2970 et
344 2910 376 2971 in
393 2908 557 2971 Christum
579 2910 764 2983 credideris,
788 2911 978 2971 restituetur
994 2910 1060 2973 tibi.
1084 2910 1191 2990 Hylas
1207 2912 1316 2991 itaque

65 3036 156 3079 2snon
181 3016 257 3079 fidei
281 3018 467 3079 sinceritate
492 3016 674 3079 delectatus
704 3018 763 3077 sed
797 3018 907 3079 taedio
932 3018 1099 3079 caecitatis
1124 3017 1260 3079 aflectus
1284 3028 1317 3080 et

91 3135 243 3198 coactus,
276 3124 502 3186 abrenuntiare
526 3146 561 3185 se
585 3124 681 3186 idolis
705 3125 922 3205 omnibusque
946 3124 1068 3186 diaboli
1091 3126 1222 3207 pompis
1246 3146 1317 3207 pro·

90 3232 209 3295 fitetur.
241 3233 292 3295 cui
315 3232 432 3293 heatus
456 3232 553 3297 Vitus
578 3233 638 3293 ait:
671 3233 747 3293 noui
773 3232 905 3313 quidem
929 3232 1128 3293 obstinatam
1152 3234 1184 3294 in
1208 3234 1317 3315 impie·

90 3349 159 3401 tate
191 3348 336 3401 mentem
367 3349 457 3400 tuam
481 3338 556 3401 fidei
579 3360 732 3422 respuere
757 3341 914 3421 gratiam,
944 3348 1158 3409 ueruntamen
1182 3352 1318 3423 propter

90 3455 256 3511 astantem
287 3446 444 3529 populum
470 3446 543 3507 Deo
566 3448 765 3528 propitiante
790 3448 1004 3520 crediturum,
1036 3456 1185 3529 optatam
1210 3470 1318 3510 neces·

59 3556 178 3618 usitati
210 3564 285 3616 tuae
316 3556 347 3615 in
381 3554 511 3615 nomine
531 3554 607 3633 Jesu
633 3552 752 3616 Christi
775 3533 936 3617 Nazareni
960 3556 1116 3635 impendo
1141 3556 1318 3623 misericor-

88 3664 187 3724 diam.
220 3662 308 3743 quod
341 3661 415 3723 licet
447 3662 505 3722 tibi
537 3680 603 3723 non
635 3663 792 3743 expediat
816 3663 848 3723 in
872 3660 1062 3724 infidelitate
1095 3683 1317 3744 permansum,

89 3771 243 3851 congruit
268 3778 378 3833 tamen
402 3770 524 3830 nomini
541 3770 610 3830 eius
630 3789 761 3850 magno,
784 3778 820 3830 ut
837 3770 994 3831 creatoris
1010 3771 1202 3851 potentiam,
1219 3791 1317 3852 quam

90 3878 199 3939 uerbis
224 3878 422 3950 asstruimus,
447 3896 583 3957 operum
608 3874 812 3938 exhibitione
836 3876 1057 3938 ostendamus
1093 3886 1126 3939 et
1149 3875 1198 3939 his
1222 3878 1317 3939 dictis

91 4005 207 4047 manus
232 4005 306 4045 suas
331 3985 399 4045 eius
423 3984 677 4066 superimposuit
702 3981 814 4057 oculis
837 3985 1013 4065 statimque
1030 3982 1143 4065 fugata
1159 3985 1317 4046 caecitate

58 4117 80 4153 11
91 4112 186 4155 usum
210 4092 334 4173 pristini
359 4093 483 4173 recepit
506 4090 649 4168 luminis3
674 4105 734 4161 njec
758 4098 877 4152 tamen·
893 4089 1082 4171 largitorem
1103 4090 1185 4152 tanti
1201 4091 1317 4151 meruit

92 4218 273 4281 agnoscere
298 4199 448 4261 muneris,
471 4199 576 4261 altiori
601 4199 686 4260 enim
702 4198 819 4260 cordis
843 4198 1042 4259 obscuritate
1066 4196 1238 4271 inuolutuS,
1262 4200 1317 4278 qui

92 4308 123 4368 in
148 4305 235 4367 sacie'
252 4305 356 4367 fuerat
379 4304 584 4381 illuminatus,
609 4304 807 4369 exclamauit
830 4314 864 4367 et
888 4305 988 4367 dixit:
1012 4305 1124 4367 debita
1139 4305 1316 4384 gratiarum

93 4412 220 4479 actione
245 4413 325 4483 deos
349 4432 441 4477 meos
464 4410 659 4492 honorifico,
692 4433 830 4497 quorum
854 4412 1018 4478 beneficiis
1050 4412 1214 4476 redditam
1238 4409 1316 4475 mihi
