3167 5025
256 216 294 301 58

194 492 197 498 ¹
253 410 372 482 endam
388 411 575 501 ‘euagamur
598 413 760 483 miseriam
785 418 933 496 alienam,
957 427 990 483 et
1007 438 1048 483 ne
1065 418 1107 483 ad
1124 414 1328 483 momentum
1344 418 1482 501 quidem

253 527 354 589 oculis
390 529 596 610 propositam
631 534 810 591 retractare
845 548 997 593 curamus
1032 529 1267 592 conscientiam
1300 528 1483 611 propriam.

251 636 391 718 proinde
414 644 598 698 reuertatur
621 637 843 717 unusquisque
870 637 903 699 in
926 637 1062 699 domum
1085 654 1195 711 suam,
1225 637 1338 698 uideat
1369 644 1401 697 et
1431 637 1487 697 di·

251 744 371 807 iudicet
403 764 536 806 causam
568 764 669 806 suam.
701 744 760 807 sed
791 752 825 806 et
845 764 911 825 ego
941 745 1065 827 primus
1096 744 1241 807 omnium
1273 751 1418 806 reuertar
1446 744 1486 804 in

251 853 387 915 domum
411 872 519 913 meam
543 852 629 913 unde
654 850 758 926 exiui,
785 870 826 912 ne
849 849 934 913 forte
958 851 1144 913 immundus
1167 849 1221 912 ille
1244 850 1393 932 spirituS,
1423 852 1513 931 quis

252 950 434 1042 opitulante
458 959 604 1021 Domino
635 959 667 1019 in
693 959 804 1040 ¹prima
827 952 1108 1021 sacramentorum
1133 956 1322 1021 caelestium
1346 978 1486 1040 percep·

251 1058 340 1129 tione
365 1064 522 1148 expulsus
547 1073 597 1127 est
614 1085 634 1127 a
650 1084 711 1140 me,
735 1073 908 1127 uacantem
932 1062 1019 1127 illam
1043 1074 1077 1127 et
1100 1065 1133 1127 in
1156 1064 1328 1147 superficie
1352 1064 1485 1129 tantum

208 1232 210 1237 ,
251 1183 401 1238 ornatam
425 1173 610 1249 inueniens,
642 1173 820 1255 assumptis
843 1171 905 1234 sibi
929 1181 1057 1254 septem
1081 1171 1150 1234 aliis
1181 1172 1348 1254 spiritibus
1371 1175 1485 1254 nequi:

251 1283 362 1345 oribus
381 1274 421 1344 'se
445 1302 596 1345 reuersus
619 1282 822 1363 ingrediatur
845 1276 879 1344 et
901 1280 1028 1345 habitet
1051 1282 1084 1344 in
1107 1300 1155 1344 ea‘
1179 1282 1257 1363 quin
1280 1282 1393 1364 potius
1410 1279 1485 1362 'ego

251 1391 401 1465 redeam,
425 1399 460 1452 ut
483 1382 661 1471 aliquando
685 1390 784 1451 etiam
808 1386 921 1452 domui
945 1408 1055 1464 meae,
1078 1409 1163 1471 quae
1186 1390 1374 1451 necessaria
1397 1387 1484 1462 sunt,
1496 1406 1519 1431 ¹⁰

251 1500 433 1580 disponam.
469 1499 538 1559 scio
571 1498 673 1571 enim,
709 1504 741 1559 et
771 1498 867 1559 iuxta
896 1497 988 1578 quod
1019 1497 1268 1579 scriptumest:
1302 1496 1363 1578 qui
1388 1495 1488 1557 addz't

249 1606 423 1678 sczbntz'am,
448 1604 543 1667 addit
565 1614 595 1666 et
616 1603 764 1676 dolorem,
797 1606 905 1666 sciens
928 1604 1142 1667 uehementer
1164 1602 1272 1679 doleo',
1295 1602 1485 1666 miserabile
1565 1599 1567 1610 '

251 1712 329 1775 illud
353 1713 462 1775 cordis
485 1713 549 1773 mei
573 1710 744 1773 castellum
768 1707 914 1773 Domine
941 1712 1085 1774 uenienti
1109 1732 1209 1794 saepe
1231 1710 1331 1773 fuisse
1355 1712 1486 1773 contra·

250 1822 342 1896 rium,
366 1829 399 1882 et
414 1820 483 1883 aliis
507 1837 582 1882 cum
606 1814 762 1882 uictoriae
778 1819 890 1902 palma
905 1821 935 1881 ei
951 1821 1208 1896 occurrentibus,
1232 1838 1485 1901 menumquam

251 1930 398 1991 debitum
430 1929 629 2011 persoluisse
661 1929 864 2009 obsequium.
895 1929 955 1991 sed
990 1930 1114 1993 utinam
1145 1929 1280 1992 tandem
1303 1924 1485 2009 aliquando
1494 1952 1511 1987 u

250 2037 437 2120 praemissis
455 2026 530 2099 ante
547 2035 663 2099 faciem
681 2051 772 2098 suam
791 2029 916 2116 angelis
933 2028 1160 2113 metatoribus,
1184 2036 1292 2098 dicere
1312 2033 1483 2116 dignetur:

252 2144 342 2207 dein
359 2143 534 2215 castellum,
557 2138 776 2225 quod'conlra
792 2154 918 2216 uosest,
942 2139 1115 2206 etna-mam
1132 2143 1314 2225 allzgatam,
1338 2144 1485 2205 animam

250 2252 374 2315 scilicet
397 2260 610 2357 peccatorum
634 2251 775 2313 nexibus
800 2252 877 2315 obst
864 2253 1003 2329 trictam,
1032 2252 1146 2315 soluite
1166 2263 1198 2315 et
1218 2252 1370 2314 adducite
1392 2253 1486 2315 milri.

250 2362 324 2443 ipso
340 2361 426 2421 enim
444 2350 660 2422 miserationis
677 2378 755 2422 suae
772 2356 806 2422 et
829 2360 1045 2423 absolutionis
1070 2378 1167 2422 meae
1179 2355 1324 2423 edictum
1340 2360 1487 2443 promul·

250 2468 367 2550 gante,
399 2488 465 2530 non
497 2475 547 2530 est
578 2468 656 2551 qui
654 2468 887 2544 contradicat
918 2488 985 2532 non
1017 2476 1067 2531 est
1098 2469 1153 2550 qui
1176 2460 1310 2532 ulterius
1334 2463 1513 2531 detinere2⁰

251 2567 379 2639 audeat.
415 2565 503 2639 licet
522 2569 656 2660 uiolenti
673 2577 720 2638 let
753 2576 927 2652 obstinati,
962 2578 1083 2640 cedent
1113 2579 1225 2640 tamen
1256 2578 1486 2640 dominatores

250 2685 391 2766 antiqui,
422 2677 628 2748 remittentes
653 2683 802 2766 legitimo
825 2686 1011 2766 possessori
1034 2687 1214 2748 iumentum
1238 2705 1298 2747 suo
1322 2681 1485 2748 hactenus

251 2793 433 2856 obnoxium
456 2791 633 2855 famulatui.
658 2811 718 2855 uos
742 2785 862 2868 autem,
887 2783 1097 2868 dilectissimi,
1116 2793 1170 2874 qui
1194 2813 1261 2856 non
1285 2793 1317 2854 in
1341 2784 1484 2856 uacuum

250 2910 285 2962 ut
302 2917 473 2982 speramus
490 2901 630 2982 gratiam
647 2900 710 2962 Dei
727 2893 880 2983 recipitis
905 2893 1004 2982 super
1019 2893 1482 2983 ingratos'eius'susceptores

250 3011 350 3071 immo
367 2999 615 3090 contemptores
632 2999 762 3090 pietatis
778 2998 905 3071 uiscera
929 3008 1095 3083 effundite,
1120 3009 1303 3090 eisque'qui
1319 3001 1500 3071 laetantum

250 3136 324 3179 cum
341 3115 562 3178 malefecerint
579 3106 612 3177 et
628 3107 722 3178 exsul
725 3105 822 3178 'ant
814 3136 846 3177 m
864 3105 968 3178 'rebus'
992 3107 1153 3197 pessimis,
1164 3107 1332 3196 exemplo
1349 3114 1475 3177 Domini

250 3224 381 3285 debitae
413 3222 651 3328 compassionis
683 3221 834 3284 lacrimas
867 3213 1055 3305 impendite.
1087 3215 1273 3284 huiusmodi
1298 3223 1389 3283 enim
1415 3217 1482 3285 ciui·

250 3340 352 3406 tates,
376 3332 408 3394 id
433 3339 483 3392 est
508 3331 635 3392 animae
660 3322 879 3411 peccatrices,
910 3331 979 3410 regi
1002 3349 1118 3411 regum
1142 3349 1203 3412 per
1226 3327 1419 3410 superbiam
1444 3350 1486 3391 re·

249 3438 426 3514 bellantes,
472 3428 669 3520 improuisae
700 3439 844 3500 tandem
892 3435 1073 3501 obsidionis
1113 3431 1282 3518 angustias
1328 3432 1488 3509 incident,

250 3547 390 3607 immites
422 3546 628 3608 aduersarios
659 3547 833 3626 tyrannica
857 3566 893 3607 se
917 3547 1103 3608 uastatione
1128 3545 1170 3608 ad
1195 3552 1316 3606 terram
1333 3551 1518 3625 'prostes-20

249 3645 366 3716 nentes
385 3644 451 3715 ¹nisi
474 3655 668 3736 resipuerint
692 3653 909 3716 sustinebunt.
925 3646 996 3735 ²pro
1019 3652 1133 3716 talium
1158 3653 1283 3734 quippe
1297 3644 1490 3713 ¹commoni—

250 3763 339 3823 tione
363 3759 445 3823 haec
469 3770 502 3823 et
526 3761 588 3824 alia
611 3761 799 3824 huiusmodi
824 3761 954 3823 diuinae
979 3750 1237 3841 longanimitatis
1260 3749 1294 3820 et
1318 3757 1490 3820 humanae

250 3857 480 3931 obstinationis
511 3859 666 3951 exempla
696 3858 991 3950 qualibuscumque
1023 3867 1170 3929 uerbis
1162 3886 1194 3928 m
1225 3858 1290 3928 hoc
1322 3866 1490 3946 opusculo
1567 3916 1568 3919 ,

250 3975 407 4080 replicare
423 3976 519 4052 uolui,
543 3979 570 4038 si
593 3986 704 4038 tamen
728 3978 761 4038 in
785 3985 880 4038 tanta
904 3995 1005 4037 sanae
1029 3973 1199 4035 doctrinae
1215 3964 1312 4055 copia
1328 3968 1490 4034 diuinitus

251 4103 485 4186 usquequaque
508 4084 634 4160 diffusa,
659 4085 722 4146 mei
747 4101 880 4164 quoque
906 4080 1065 4144 sedulitas
1080 4099 1148 4142 non
1164 4080 1361 4143 excludatur
1373 4077 1489 4142 'officii
1502 4099 1521 4137 3·

251 4201 396 4254 ceterum
429 4192 540 4267 uobiS,
572 4200 607 4253 ut
631 4192 695 4252 iam
720 4191 806 4265 dixi,
839 4192 882 4253 ad
906 4190 970 4252 hoc
994 4177 1068 4251 tant
1070 4177 1123 4250 um
1148 4190 1211 4250 ista
1234 4180 1427 4270 proficiant,
1452 4197 1491 4250 ut

251 4299 293 4367 ad
318 4299 441 4365 alienae
465 4299 614 4362 miseriae
638 4299 916 4379 compassionem
929 4298 1033 4360 corda
1057 4303 1167 4359 uestra
1183 4304 1410 4377 permoueant
1437 4305 1491 4356 est
1567 4282 1568 4373 l

361 4455 399 4490 12.
420 4441 516 4491 Eccles.
541 4453 562 4502 1,
586 4441 625 4489 18.
645 4466 680 4475 -
703 4441 741 4489 18.
763 4442 826 4489 Mat.
848 4455 889 4501 21,
911 4451 934 4488 2.
