3167 5025
1247 273 1304 344 ¹07

57 452 207 521 uisione
231 468 289 521 tua
311 451 537 533 differebatur,
568 453 712 521 maxime
736 451 872 521 sublatis
895 454 960 521 iam
985 475 1003 522 e
1026 460 1136 523 medio
1160 469 1193 522 et
1217 479 1307 543 prae-

59 568 191 629 missis
221 568 264 629 ad
296 587 433 648 regnum
464 566 553 642 filiis,
584 587 722 648 quorum
751 567 912 650 corporali
937 571 1123 649 praesentia
1146 570 1307 632 uberrime

59 675 253 736 iucundari
275 684 508 748 consueuerat,
539 675 654 736 uidens
677 676 710 736 in
734 676 780 736 eis
810 674 1124 756 irreprehensibilem
1149 678 1235 739 uitae
1259 697 1307 738 or-

61 784 194 844 dinem
226 791 259 843 et
289 783 431 844 inuictae
454 779 531 844 fidei
553 783 625 864 spei
648 790 682 844 et
705 783 850 844 caritatis
875 783 1131 866 amplitudinem.
1163 784 1309 846 conside·

42 889 178 951 stabat
201 909 306 963 nunc,
338 899 374 952 ut
397 888 567 971 psalmista
591 890 651 964 ait,
683 890 725 951 ad
749 889 921 952 dexteram
947 899 980 952 et
1004 891 1153 953 uidebat:
1185 899 1218 952 et
1241 911 1308 953 non

68 1005 149 1058 erat
185 997 242 1077 qui
272 1016 346 1059 eam
378 1006 612 1077 cognosceret;
643 997 779 1079 ipseque
811 1017 957 1060 summus
987 1006 1082 1080 pater
1104 997 1240 1061 familias
1266 998 1308 1059 de

66 1102 151 1165 filiis
179 1105 251 1165 eius
274 1104 339 1164 iam
362 1103 472 1166 dicere
496 1111 643 1184 poterat:
668 1103 767 1184 pueri
790 1104 856 1165 mer'
883 1125 1004 1166 mecum
1034 1114 1110 1184 suut
1139 1104 1173 1166 iu
1203 1104 1308 1166 cubr'lr'.

67 1220 313 1272 uerumtamen
336 1210 440 1272 noluit
460 1231 535 1272 cum
559 1209 709 1292 plorante
725 1209 852 1273 Rachel
876 1211 1038 1274 consolari
1057 1211 1134 1294 quio
1150 1233 1212 1274 nou
1227 1222 1309 1283 suut,

67 1320 119 1380 ita
156 1317 331 1392 uidelicet,
362 1325 397 1379 ut
429 1317 526 1380 solita
557 1319 690 1380 uisionis
721 1338 835 1380 eorum
867 1318 1051 1381 consolatio
1081 1321 1114 1381 in
1145 1319 1311 1400 praesenti

38 1428 146 1488 ¹⁰uita
181 1425 324 1507 amplius
355 1424 416 1487 sibi
446 1426 647 1488 redderetur.
679 1425 819 1487 dissolui
839 1427 925 1488 enirn
948 1436 979 1488 et
1000 1447 1065 1488 esse
1087 1447 1158 1488 curu
1187 1425 1312 1489 Clrrulrto

71 1553 297 1616 summopere
327 1533 553 1607 desiderabat,
585 1533 639 1596 ubi
670 1553 732 1596 nec
755 1533 854 1596 uidua
876 1553 938 1596 nec
961 1535 1078 1597 orbata
1101 1535 1165 1596 dici
1188 1542 1311 1616 posset,

72 1642 223 1704 audiens
247 1641 289 1703 ab
312 1641 386 1723 ipso
411 1642 481 1703 uiro
505 1661 582 1702 suo:
614 1640 774 1722 obprobrii
795 1641 966 1706 uritru'totr's
989 1651 1062 1703 tuae
1085 1661 1147 1702 uon
1171 1641 1312 1703 recorda·

74 1749 164 1811 berra
189 1747 341 1829 amplius,
368 1748 446 1829 quia
469 1747 688 1810 dominabitur
708 1748 759 1810 tur‘
778 1748 837 1829 qui
849 1748 933 1828 fecit
954 1758 990 1819 te,
1014 1747 1175 1810 Dominus
1197 1749 1312 1810 exerci-

75 1867 173 1919 tuum
192 1878 305 1919 uomeu
328 1857 403 1918 erus.
420 1856 620 1938 pauperculo
642 1867 822 1938 tempestate
837 1855 998 1929 conuulso,
1021 1877 1088 1917 ecce
1101 1877 1157 1937 ego
1172 1865 1313 1918 rteruoru

45 1977 137 2046 uper
160 1964 310 2026 ordinem
332 1963 458 2044 laptiles
480 1974 565 2035 tuos,
587 1963 683 2046 filios
704 1974 774 2025 tuos
798 1963 904 2026 doctos
927 1985 948 2024 a
971 1963 1129 2025 Domino:
1156 1973 1187 2024 ot
1207 1962 1312 2025 rnultr'·

81 2072 231 2134 tudr‘nem
248 2071 344 2152 pocr's
358 2071 449 2153 filiis
471 2071 543 2142 tur‘s,
567 2072 644 2154 quia
666 2072 699 2132 in
723 2073 845 2134 iustitia
867 2070 1003 2134 fundata
1020 2091 1063 2132 es.
1088 2071 1130 2133 ad
1151 2071 1313 2133 desidera·

85 2179 185 2241 bilem
219 2177 314 2240 huius
346 2178 580 2240 consolationis
611 2180 750 2260 gratiam
782 2181 862 2241 totis
894 2178 1016 2242 nisibus
1049 2177 1239 2254 anhelabat,
1270 2179 1313 2242 ad

90 2284 169 2348 hanc
195 2287 297 2348 etiam
321 2306 380 2368 per
403 2287 553 2348 uniuersa
575 2295 816 2348 tormentorum
840 2307 962 2368 genera
990 2287 1127 2349 transire
1151 2287 1312 2369 cupiebat.

194 2393 241 2454 Et
263 2391 345 2454 haec
369 2394 501 2472 quidem
525 2393 567 2455 de
598 2403 732 2456 sanctae
756 2395 869 2455 matris
893 2393 1073 2467 desiderio,
1104 2413 1170 2473 quo
1194 2393 1236 2455 ad
1260 2413 1313 2474 pa·

58 2522 81 2547 20
89 2502 183 2565 triam
214 2499 415 2583 suspirabat,
446 2521 508 2583 pro
538 2509 652 2563 nostra
683 2501 865 2584 capacitate
897 2501 985 2564 dicta
1016 2502 1095 2579 sint;
1122 2501 1170 2563 ‚de
1201 2498 1313 2563 electis

89 2630 167 2672 uero
191 2609 332 2671 filiorum
356 2609 543 2683 animabus,
576 2629 660 2690 quae
683 2611 790 2692 ipsam
814 2611 856 2672 ad
880 2628 1018 2691 regnum
1042 2610 1106 2671 iarn
1130 2630 1314 2691 praecesse-

94 2727 173 2790 rant,
194 2716 272 2799 quid
297 2717 469 2783 aestimare
494 2716 545 2777 uel
569 2717 677 2778 dicere
702 2736 886 2797 possumus
917 2717 971 2797 qui
996 2717 1212 2798 corruptionis
1236 2736 1314 2797 pon-

98 2823 174 2885 dere
205 2843 463 2906 praegrauamur
501 2833 534 2884 et
573 2824 629 2885 uix
656 2815 894 2885 ”tenuissimum
940 2824 1191 2905 incorruptionis
1230 2822 1313 2885 illius

95 2940 222 3011 gustum
246 2930 428 3013 praelibare
452 2929 634 2993 meremur?
657 2940 883 2993 uerumtamen
908 2951 952 2992 ex
972 2930 1162 3011 euangelica
1179 2931 1315 2993 auctori·

59 3048 157 3102 ²⁵tate
183 3039 261 3121 quid
286 3040 328 3100 de
352 3039 531 3100 animarum
556 3045 644 3099 statu
668 3038 875 3099 sentiendum
899 3038 940 3099 sit
965 3038 1141 3099 uideamus
1167 3038 1258 3099 diues
1282 3039 1314 3099 in

86 3147 216 3210 inferno
247 3144 394 3228 sepultus
424 3144 558 3207 fratrum
591 3164 740 3219 suorum,
771 3165 855 3225 quos
886 3146 918 3206 in
948 3144 1009 3207 hac
1034 3145 1100 3206 uita
1123 3146 1315 3225 superstites

84 3254 280 3336 reliquerat,
310 3262 435 3318 tantam
458 3250 611 3313 habuisse
636 3271 746 3314 curam
770 3251 976 3333 perhibetur,
1000 3260 1035 3311 ut
1059 3250 1230 3313 Abraham
1254 3248 1315 3333 pro

84 3382 205 3425 eorum
228 3360 332 3423 salute
356 3358 610 3441 interpellauerit
634 3360 761 3421 dicens:
789 3380 865 3441 rogo
887 3380 960 3441 ergo
983 3368 1018 3431 te,
1036 3357 1315 3440 potertlbrulrarn,

83 3482 119 3532 ut
141 3469 259 3531 mittas
281 3489 351 3529 eum
374 3468 408 3529 iu
432 3466 561 3528 domum
578 3468 688 3549 patris
710 3468 791 3529 rner':
814 3466 912 3529 ltabeo
935 3466 1017 3528 euim
1030 3466 1166 3548 quinque
1181 3467 1315 3547 fratres,

54 3590 119 3643 tout
143 3587 278 3640 testetur
298 3575 383 3646 r'llrk,
414 3596 453 3636 ue
474 3584 505 3636 et
525 3575 591 3655 ipsi
612 3575 744 3636 uem'out
764 3576 799 3636 in
830 3574 933 3636 locum
967 3574 1051 3660 tium
1082 3584 1315 3637 tormentorum.

83 3686 109 3747 si
136 3704 223 3765 ergo
255 3684 425 3745 imminens
457 3680 628 3763 gehennae
651 3702 759 3763 poena
791 3683 948 3744 damnato
971 3680 1015 3743 illi
1039 3700 1172 3743 suorum
1195 3702 1316 3744 memo·

82 3795 172 3856 riam
203 3792 347 3853 adimere
377 3810 443 3852 non
474 3788 620 3862 ualebat,
652 3790 729 3870 quin
760 3810 821 3871 pro
854 3790 900 3850 eis
924 3788 1138 3870 supplicaret,
1170 3790 1224 3869 qui
1255 3808 1316 3870 pro

84 3900 270 3982 semetipso
294 3898 442 3961 exaudiri
465 3917 532 3961 non
555 3904 734 3958 meruerat:
759 3916 824 3978 qua
847 3904 1000 3978 putamus
1023 3895 1238 3959 sollicitudine
1255 3913 1318 3977 pro

86 4007 260 4071 conseruis
290 4006 355 4067 suis
386 4005 565 4068 electorum
597 4003 766 4085 inuigilant
797 4002 941 4077 animae,
972 4004 1005 4064 in
1036 4002 1090 4066 illa
1117 4004 1316 4065 aeternitatis

55 4143 78 4179 as
89 4114 267 4177 securitate
301 4114 366 4175 iam
400 4110 626 4194 quiescentes?
663 4120 758 4173 tanto
794 4112 879 4173 enim
914 4110 1080 4173 ardentius
1115 4119 1148 4171 et
1186 4109 1316 4171 liberius

91 4223 230 4285 aliorum
269 4222 406 4283 salutem
445 4220 651 4294 desiderant,
690 4227 814 4300 quanto
850 4238 870 4279 a
903 4220 1059 4281 seruitute
1098 4217 1316 4299 corruptionis

200 4361 224 4411 b.
245 4364 285 4411 Ps.
309 4374 365 4423 141,
388 4370 411 4424 ς.
432 4390 464 4397 -
486 4372 509 4423 7.
530 4362 591 4409 Luc.
615 4373 654 4420 ιι,
676 4370 699 4421 7.
718 4387 753 4395 ——
773 4358 797 4407 8.
819 4358 910 4408 Manli.
932 4372 954 4421 2,
979 4360 1017 4409 18.
1032 4388 1066 4394 -
1086 4373 1123 4407 ιο.
1146 4358 1208 4407 Phil.
1233 4371 1253 4418 1,
1274 4368 1315 4419 23.

93 4478 128 4488 *-
150 4450 190 4504 16.
212 4454 243 4501 ls.
266 4462 306 4517 54,
326 4466 350 4512 4.
371 4461 395 4500 et
416 4461 439 4514 5.
463 4463 490 4499 11
513 4461 537 4498 et
561 4463 599 4512 13,
620 4479 654 4485 —
673 4462 715 4511 30.
736 4451 797 4498 Luc,
822 4447 860 4511 16,
881 4449 993 4513 27-—28.
