3167 5025
1325 242 1347 303 9

544 336 549 368 l

115 415 302 495 potandum
320 418 520 479 sacrosancti
537 418 702 497 sanguinis
727 418 795 479 eius
820 418 954 481 calicem
971 420 1161 482 accessistis.
1185 429 1221 482 ut
1238 413 1356 483 autem‘

113 521 293 583 redeamus
318 524 359 583 ad
377 522 564 585 Abraham:
589 524 725 606 expleto
742 526 893 587 conuiuio
910 509 1159 607 proficiscdntur
1181 526 1348 609 hospites;

113 630 160 689 ita
186 630 275 689 enim
300 630 427 713 etipse
452 631 544 711 quasi
568 632 748 693 uiatoribus
773 653 848 694 cum
873 634 1114 715 susciperentur
1137 635 1347 697 condixerat:

109 750 235 818 ponam
259 738 409 818 inquiens
433 738 604 800 buccellam
621 740 723 820 parus
745 750 776 801 et
797 742 972 821 colafortnte
994 763 1049 803 cor
1070 752 1217 813 uestmm,
1235 752 1347 823 postea

94 844 308 909 stransz'bz'tzs.
343 845 537 917 transilitas,
573 848 692 927 inquit;
728 849 773 909 ita
800 849 924 930 quippe
959 869 1093 911 necesse
1128 859 1187 911 est.
1223 850 1347 911 sciebat

120 951 306 1033 patriarcha
330 962 462 1015 sanctus
487 954 528 1015 ab
552 956 672 1017 eodem
697 956 837 1017 edoctus
861 977 880 1017 a
904 976 970 1036 quo
994 966 1028 1018 et
1051 958 1209 1032 uisitatus,
1237 960 1347 1019 uenire

120 1062 251 1140 quidem
285 1062 327 1122 ad
358 1082 420 1123 nos
445 1061 552 1123 Deum
584 1083 643 1144 per
674 1061 856 1124 exhibitam
880 1064 1074 1125 uisitationis
1097 1085 1176 1126 suae
1199 1066 1347 1145 gratiam,

117 1170 175 1231 sed
199 1160 273 1230 non
294 1188 502 1250 permanere,
535 1172 635 1231 immo
661 1171 798 1233 transire
822 1191 861 1233 ac
884 1171 1055 1244 recedere,
1085 1172 1240 1252 quamdiu
1266 1191 1347 1233 mor·

115 1276 253 1338 talitatis
277 1278 456 1366 premimur
479 1278 635 1357 pondere.
660 1279 768 1358 agitur
791 1280 877 1339 enim
901 1277 965 1339 hoc
990 1280 1071 1339 mira
1095 1280 1195 1360 ipsius
1219 1279 1347 1360 dispen-

79 1412 104 1436 ιο
114 1385 254 1459 satione,
276 1392 320 1458 ut,
344 1404 442 1463 quem
466 1384 596 1465 semper
619 1383 740 1447 habere
764 1404 831 1445 non
847 1405 1031 1466 possumus,
1056 1386 1124 1447 eius
1148 1386 1265 1447 saltem
1289 1406 1348 1467 per

113 1491 289 1553 interualla
311 1500 498 1572 temporum
521 1500 701 1573 expectato
719 1493 824 1554 reditu
842 1494 1054 1573 gaudeamus.
1079 1493 1226 1554 uoluerat
1243 1492 1347 1554 fidelis

112 1598 166 1661 ille
191 1608 382 1679 susceptor,
407 1600 433 1659 si
456 1598 613 1681 possibile
637 1598 766 1672 fuisset,
792 1600 1044 1661 desiderabilem
1069 1602 1157 1681 apud
1181 1620 1217 1661 se
1241 1593 1347 1661 conui-

113 1706 262 1767 uantium
287 1706 505 1787 praesentiam
535 1707 655 1787 diutius
679 1708 875 1783 detinuisse;
906 1706 1004 1768 uellet
1029 1709 1151 1770 deuota
1182 1706 1346 1787 quaelibet

113 1816 224 1875 anima
267 1823 462 1894 conceptam
506 1833 667 1895 supernae
711 1813 935 1875 illustrationis
980 1814 1187 1875 dulcedinem
1226 1804 1345 1894 iugiter

78 1922 282 1995 15obtinere,
312 1908 370 1983 sed
395 1942 530 1985 necesse
555 1931 604 1983 est
628 1922 714 1984 illam
740 1923 916 1984 recedente
941 1923 1086 1984 Domino
1110 1923 1278 1983 suauitatis
1303 1924 1346 2003 ip·

113 2029 179 2090 sius
204 2037 342 2089 auctore
367 2050 424 2090 sua
449 2049 558 2090 rursus
583 2027 665 2090 allici
690 2029 914 2090 amaritudine.
940 2048 1051 2090 uerum
1069 2029 1148 2089 satis
1168 2030 1345 2091 iucundum

112 2139 146 2197 in
160 2135 224 2197 hac
244 2145 340 2217 parte
356 2145 450 2218 pater
466 2137 613 2216 gentium
631 2135 701 2197 filiis
719 2138 785 2197 suis
801 2136 929 2217 reliquit
946 2135 1153 2216 exemplum:
1177 2156 1253 2197 nam
1270 2138 1346 2217 quia

117 2245 235 2325 inipso
252 2246 395 2306 conuiuii
412 2242 486 2307 loco
503 2244 669 2326 hospitum
691 2265 823 2305 suorum
848 2244 939 2305 suaui
963 2242 1128 2323 colloquio
1154 2244 1195 2304 ad
1219 2243 1345 2305 libitum

121 2353 271 2413 exsatiari
295 2370 362 2413 non
386 2353 502 2433 potuit,
538 2352 660 2414 idcirco
684 2351 908 2413 recedentium
932 2370 1045 2411 comes
1069 2370 1142 2411 esse
1166 2349 1277 2423 uoluit,
1308 2359 1345 2410 ut

85 2458 229 2521 zosaltem
253 2459 453 2522 deducendo
478 2480 515 2522 ac
539 2460 771 2540 prosequendo
804 2458 936 2520 uisionis
960 2467 1150 2540 pasceretur
1172 2458 1344 2520 desiderio,

135 2581 138 2586 ’
218 2567 269 2628 lta
300 2577 334 2628 et
357 2587 426 2641 nos,
451 2567 529 2628 dum
554 2566 685 2628 auolare
710 2565 847 2628 anobis
871 2561 974 2647 nuper
998 2573 1187 2646 susceptum
1218 2566 1345 2626 animae

117 2685 245 2737 nostrae
269 2676 443 2737 doctorem
468 2684 500 2736 et
525 2674 767 2736 consolatorem
785 2674 989 2747 senserimus,
1014 2682 1083 2734 tum
1101 2673 1232 2735 demum
1251 2673 1344 2752 quasi

120 2783 149 2842 in
180 2785 406 2864 prosecutione
442 2783 509 2844 eius
546 2782 758 2844 amarioribus
786 2781 939 2861 suspiriis,
975 2780 1169 2859 largioribus
1205 2779 1345 2840 lacrimis

117 2888 349 2970 indulgeamus,
375 2911 415 2951 ne
439 2889 596 2951 redeundi
620 2909 729 2951 moras
761 2887 934 2970 protrohat
959 2875 1241 2948 neue'dilectores
1266 2880 1344 2947 suos

78 2995 279 3078 2sorphanoh
302 2997 474 3077 relinquat,
498 2997 713 3059 intentissime
738 2995 931 3076 flagitemus.

501 3227 829 3315 xnaumuruu
860 3226 944 3290 nn.

348 3376 401 3436 De
426 3377 518 3434 Loth
537 3358 689 3452 ¹qualiter
712 3374 875 3450 angelum
899 3372 1104 3448 susceperit.

217 3534 309 3596 Loth
333 3521 519 3617 patriarcha
542 3534 617 3596 licet
641 3543 774 3597 sanctus
798 3543 831 3595 et
849 3533 922 3594 Deo
947 3530 1084 3593 dilectus
1109 3529 1207 3610 longe
1231 3537 1343 3590 tamen

102 3642 242 3705 inferior
274 3651 393 3723 patruo
418 3663 477 3705 suo
502 3641 673 3705 Abraham
702 3643 908 3714 aestimatur,
940 3640 1030 3701 cuius
1054 3639 1173 3698 uirtute
1198 3645 1231 3697 et
1255 3637 1343 3718 prius

69 3773 122 3813 roa
159 3750 360 3832 captiuitate
395 3759 428 3812 et
462 3750 677 3832 postmodum
713 3770 732 3810 a
767 3749 989 3811 Sodomorum
1027 3746 1171 3826 pernicie
1211 3752 1343 3825 ereptus

102 3861 274 3941 scriptura
300 3866 384 3918 teste
408 3858 570 3919 asseritur.
600 3857 645 3916 ita
669 3857 755 3919 enim
780 3857 938 3936 scriptum
962 3862 1028 3913 est:
1059 3872 1130 3912 cnm
1154 3849 1345 3910 subuerteret

102 3967 273 4029 Dominam
308 3964 453 4026 ciuz'tates
487 3963 625 4044 agranis
659 3962 765 4033 illius,
803 3961 986 4023 recordatus
1020 3969 1070 4020 est
1105 3956 1274 4019 Abraham
1310 3963 1343 4016 et

102 4073 264 4138 liberauit
292 4071 374 4133 Lora
406 4072 444 4133 de
475 4071 674 4132 subuersz'one
698 4069 824 4131 urbium
848 4069 883 4129 2312
906 4067 1019 4149 qut'bus
1042 4066 1254 4127 aabz'rauerat.
1287 4063 1343 4143 qui

97 4183 184 4244 sicut
212 4181 362 4262 dispares
387 4188 462 4242 sunt
487 4180 621 4252 meritis,
645 4179 691 4239 ita
715 4178 813 4238 etiam
837 4195 899 4258 pro
922 4173 1107 4256 disparibus
1130 4171 1250 4233 uisitati
1267 4179 1343 4231 sunt

72 4289 223 4350 scansis:
257 4284 430 4349 Abraham
454 4287 540 4348 enim
567 4294 602 4347 ut
627 4284 735 4365 gloria
759 4282 990 4356 illustraretur,
1018 4280 1070 4341 hic
1094 4289 1129 4341 ut
1153 4300 1172 4340 a
1196 4275 1341 4360 periculo

209 4440 232 4493 5.
254 4429 318 4478 Gen.
343 4428 380 4490 18,
403 4440 425 4492 5.
446 4456 480 4464 —-
500 4441 540 4490 33.
562 4428 626 4476 Gen.
642 4405 689 4492 lq,
711 4439 766 4492 29.
