3167 5025
271 300 309 367 52

268 486 415 566 equitatu
447 486 527 558 isto,
559 498 625 564 quo
654 482 809 546 subuexit
832 504 908 545 eum
931 493 1036 547 mater
1060 486 1194 554 eadem,
1225 483 1377 545 uidelicet
1401 504 1505 562 syna-

268 612 366 674 goga.
391 612 467 653 nam
491 600 524 653 et
548 592 667 653 animal
692 590 777 665 illud,
802 591 893 653 cuius
917 592 1096 653 ministerio
1119 592 1161 653 ad
1184 590 1298 653 horam
1324 593 1370 652 uti
1395 589 1506 651 uoluit

270 700 450 773 DominuS,
481 718 501 760 a
527 698 728 778 Judaeorum
766 698 912 760 dominio
951 698 1055 761 suerat
1094 699 1290 773 adductum,
1331 699 1508 780 ipsiusque

268 822 464 890 synagogae
487 814 639 872 tenuerat
662 814 797 887 typum;
829 806 970 887 ideoque
994 826 1060 869 non
1084 808 1263 887 incongrue
1291 814 1326 867 ut
1358 806 1508 868 arbitror

268 919 301 979 in
325 916 472 997 equitatu
497 915 561 977 isto
585 934 605 976 a
628 931 806 995 synagoga
831 923 935 977 matre
959 914 1153 977 subuectum
1176 934 1289 977 assero
1309 914 1532 975 Dominums

269 1025 396 1097 uidete,
427 1022 576 1102 inquam,
599 1040 674 1083 eum
699 1041 777 1095 uos,
801 1042 822 1083 o
846 1020 930 1083 filiae
953 1021 1049 1096 Sion,
1072 1023 1105 1084 in
1128 1023 1275 1103 equitatu
1298 1041 1378 1096 su0,
1411 1022 1507 1083 cuius

268 1152 330 1207 uos
354 1132 528 1193 intormare
553 1129 655 1191 uoluit
678 1128 844 1211 exemplo.
868 1130 947 1193 dicit
964 1130 1050 1192 enim
1067 1150 1210 1211 sponsae
1225 1150 1320 1192 suae:
1344 1128 1509 1211 equitatui

268 1260 338 1301 meo
360 1238 394 1299 in
418 1237 563 1299 cum'bus
586 1236 771 1301 Pharaonis
793 1237 983 1300 assandam·
1008 1248 1036 1299 te
1064 1238 1172 1300 amica
1194 1259 1273 1299 mea.
1305 1257 1382 1299 cum
1417 1238 1506 1298 enim

271 1345 469 1428 gloriaretur
491 1343 619 1417 Pharao
643 1345 676 1407 in
699 1345 846 1407 curribus
870 1353 903 1407 et
927 1346 959 1407 in
983 1345 1149 1425 equitibus.
1179 1346 1268 1407 etin
1291 1342 1506 1406 multitudine

268 1452 446 1527 exercitus,
470 1472 671 1533 persequens
687 1451 847 1534 populum
864 1451 927 1514 Dei
950 1462 984 1515 et
1008 1453 1135 1516 dicens:
1158 1452 1336 1534 erenginabr)
1346 1451 1506 1533 gladium
1516 1474 1535 1498 1⁰

271 1581 391 1633 meum,
422 1559 590 1642 z‘nterficier
610 1581 662 1622 eos
684 1580 802 1623 manus
824 1581 911 1633 mea,
944 1562 990 1623 ita
1013 1569 1130 1623 contra
1152 1581 1228 1622 eum
1250 1560 1388 1623 caelitus
1416 1561 1506 1623 dimi-

271 1676 382 1731 catum
406 1675 466 1741 est,
499 1675 534 1729 ut
558 1667 677 1731 bucina
699 1687 767 1729 non
790 1668 979 1742 insonuerit,
1010 1667 1178 1749 glaudium
1202 1688 1300 1729 nemo
1324 1668 1507 1730 uibrauerit

271 1785 333 1838 nec
356 1774 512 1856 sagittam
540 1775 671 1837 miserit.

377 1881 458 1943 Dux
488 1880 603 1963 populi
634 1882 818 1962 equitatum
849 1902 943 1945 suum
975 1891 1091 1945 contra
1120 1902 1246 1944 morem
1270 1882 1505 1963 proeliantium

272 1988 467 2053 adhortatur
491 1990 619 2052 dicens:
648 1988 810 2051 Dominus
826 1989 990 2071 pugnabit
1004 2002 1067 2071 pro
1091 1992 1187 2064 nobas,
1209 2004 1241 2055 et
1261 2012 1318 2053 uos
1341 1990 1525 2060 tacebam

272 2118 311 2161 ac
342 2098 369 2161 si
400 2098 540 2161 diceret:
572 2096 625 2158 alii
657 2095 836 2158 bellatores
867 2097 978 2164 aciem,
1002 2098 1181 2173 instruant,
1215 2100 1313 2161 armis
1344 2100 1501 2164 muniant

272 2206 360 2270 tubis
376 2214 409 2269 et
426 2202 696 2268 exhortationum
720 2204 828 2266 uerbis
852 2205 1094 2267 animositatem
1117 2207 1284 2281 incutiant,
1308 2226 1370 2267 uos
1393 2216 1503 2268 autem

272 2316 412 2387 inermes
444 2313 581 2375 dextras
612 2312 797 2387 continete,
829 2312 946 2391 silentii
978 2312 1181 2395 disciplinam
1213 2322 1361 2387 seruate,
1393 2316 1503 2395 quieta

270 2421 504 2505 expectatione
531 2420 795 2502 ⁴propugnatoris
826 2421 926 2483 uestri
949 2420 1105 2483 auxilium
1139 2420 1302 2483 humiliter
1333 2422 1502 2483 sustinete.

274 2530 403 2592 interim
438 2529 508 2592 dux
542 2530 629 2611 ipse,
668 2536 704 2590 ut
738 2529 896 2611 exemplo
931 2531 1037 2611 magis
1070 2550 1169 2611 quam
1208 2531 1311 2593 uerbo
1349 2531 1521 2594 subditos¹⁰

274 2641 421 2712 instruat,
445 2637 575 2700 deuotis
598 2636 749 2718 precibus
773 2639 882 2712 instat,
906 2657 1039 2726 causam
1056 2637 1169 2719 populi
1193 2638 1373 2718 gemitibus
1397 2639 1501 2701 tacitis

275 2745 438 2810 efficacius
471 2764 569 2826 quam
602 2765 685 2806 sono
717 2745 808 2807 uocis
832 2754 980 2827 perorat,
1012 2746 1120 2808 donec
1143 2754 1328 2807 armaturae
1351 2746 1500 2809 caelestis

274 2853 473 2936 praesidium
498 2874 517 2915 a
541 2852 686 2916 Domino
709 2854 878 2935 percipiat.
902 2854 1092 2915 imminente
1114 2854 1214 2934 igitur
1236 2855 1409 2916 metuendi
1435 2873 1497 2916 con

275 2982 407 3043 gressus
431 2959 577 3034 articulo
602 2960 764 3023 Dominus
786 2961 871 3022 duce
895 2959 1010 3042 populi
1033 2962 1083 3022 sui
1106 2963 1199 3041 uirga
1220 2969 1348 3022 tantum
1367 2971 1491 3027 armato,

264 3049 384 3132 ⁴castra
408 3068 540 3130 militiae
564 3088 642 3130 suae
666 3069 791 3130 moueri
815 3067 907 3144 fecit3
939 3068 984 3130 ait
1007 3069 1092 3130 enim
1117 3068 1243 3148 Moysi:
1274 3067 1405 3149 loquere
1419 3066 1512 3152 filiis
1565 3146 1566 3157 ἵ

276 3174 386 3249 Israel,
411 3187 447 3238 ut
461 3176 720 3258 proficescantur.
745 3186 779 3238 tu
803 3186 908 3238 autem
931 3175 1021 3238 eleua
1044 3177 1174 3257 uirgam
1198 3186 1296 3248 tuam,
1319 3187 1352 3237 et
1373 3171 1490 3240 extende

276 3304 408 3346 manum
430 3296 527 3365 super
547 3301 650 3355 mare,
674 3294 704 3346 et
725 3283 836 3346 denzde
858 3283 957 3355 illud,
980 3294 1017 3345 ut
1033 3283 1235 3365 gradrnntur
1245 3283 1322 3365 filii
1344 3283 1455 3346 lsrael
1472 3282 1498 3343 r'n

276 3391 379 3454 medio
409 3393 498 3454 mari
519 3392 729 3472 persiccum.
761 3411 828 3472 quo
852 3390 939 3453 facto
963 3411 1037 3453 cum
1061 3392 1125 3452 iam
1149 3391 1248 3452 etiam
1272 3389 1444 3474 Aegyptii
1465 3393 1502 3452 in·
1564 3464 1566 3481 L

276 3499 380 3580 gressi
403 3497 539 3562 fuissent
562 3507 800 3581 persequentes
817 3498 926 3572 lsrael,
950 3519 1059 3560 rursus
1076 3499 1117 3560 ad
1138 3505 1354 3579 praeceptum
1372 3497 1502 3561 Domini
1564 3483 1566 3491 ¹

277 3606 479 3669 extendente
503 3607 623 3688 Moyse
656 3609 784 3688 uirgam
808 3628 907 3688 super
929 3627 1035 3682 mare,
1066 3625 1217 3668 reuersae
1241 3614 1317 3666 sunt
1340 3627 1452 3687 aquae
1475 3612 1503 3666 et
1511 3620 1529 3655 ³⁰

277 3723 474 3795 operuerunt
498 3714 707 3796 Aegyptios
738 3715 784 3776 ita
815 3723 851 3775 ut
881 3692 923 3775 ne
954 3734 1036 3775 unus
1067 3714 1200 3793 quidem
1228 3712 1396 3775 euaderet.
1430 3733 1503 3776 ecce
1563 3774 1564 3801 3

277 3840 376 3901 quam
406 3821 499 3884 fortis
531 3823 699 3897 uictoria„
714 3821 790 3884 licet
821 3821 1031 3903 despicabilis
1062 3820 1227 3881 uideretur
1258 3829 1446 3896 armatura,
1476 3822 1503 3881 in
1563 3806 1565 3823 ¹

277 3948 375 3990 manu
392 3929 503 4011 Moysi
519 3931 619 4011 uirga
643 3929 725 3992 haec
750 3930 836 3990 enim
860 3930 952 4008 uirga
975 3926 1165 3989 humilitatis
1188 3936 1221 3989 et
1245 3928 1504 3990 mansuetudinis

277 4034 483 4117 praelerebat
499 4037 662 4111 indicium,
686 4036 829 4118 pastoris
845 4033 1044 4096 ostendebat
1065 4031 1216 4106 officium,
1241 4054 1339 4114 quam
1357 4043 1392 4095 et
1409 4045 1505 4096 antea

278 4142 414 4223 Moyses
450 4164 523 4207 cum
559 4163 695 4225 gregem
731 4150 882 4223 pasceret
918 4149 1048 4221 gestare
1084 4139 1220 4203 solebat.
1256 4162 1333 4202 ecce
1369 4139 1531 4203 Dominis

278 4251 458 4330 equitatus,
490 4260 606 4313 contra
638 4250 810 4331 superbiae
843 4248 1052 4330 tyrannidem
1083 4246 1263 4310 humilitate
1297 4250 1504 4330 conspicuus.

278 4378 365 4433 ecce,
389 4357 472 4420 filiae
496 4357 585 4433 Sion,
608 4376 707 4436 quam
730 4356 873 4418 iucundo
897 4375 1031 4435 egressu
1055 4356 1270 4436 processistis
1291 4355 1334 4416 ad
1359 4358 1505 4418 conside·

385 4499 408 4548 8.
429 4501 501 4548 Cant.
526 4511 546 4559 1,
567 4497 590 4546 8.
611 4527 646 4533 —
668 4511 705 4546 11.
727 4498 772 4544 Ex.
798 4507 836 4558 15,
858 4512 882 4560 9.
903 4525 937 4532 —
958 4508 997 4560 15-
1018 4497 1064 4546 Ex.
1089 4511 1126 4558 14,
1153 4511 1191 4558 14.
1210 4522 1245 4532 -ι
1265 4495 1306 4544 28.
1327 4497 1375 4544 Ex.
1401 4510 1441 4559 14,
1467 4496 1502 4546 16.
