3167 5025
254 190 298 271 64

253 386 340 451 horti
364 389 527 451 uiriditate
553 389 776 470 designantur,
800 391 1020 470 germinantia
1043 393 1200 452 uirtutum
1217 392 1435 455 odoramenta
1452 394 1486 455 in

254 496 322 559 eius
346 517 477 577 semper
501 497 710 578 susceptione
735 496 931 578 flagrabunt,
962 518 1001 559 ea
1024 499 1174 560 nimirum
1199 500 1305 580 copia,
1329 520 1426 580 quam
1454 502 1486 562 in

253 624 395 688 sponsae
420 602 581 666 thesauris
605 604 788 667 exuberare
812 604 951 667 dilectus
975 614 1116 667 testatur
1136 606 1265 669 dicens:
1293 606 1391 689 Cypri
1411 630 1488 669 cum

253 711 371 783 riardo,
404 710 528 773 riardus
559 720 590 774 et
616 732 739 784 crocus,
763 712 884 795 fistulo
911 723 943 774 et
963 703 1297 775 cinrinmomnrn‘cnm
1320 705 1486 777 ¹urn‘uersis

252 818 352 904 ligrn's
375 819 500 890 Lr'bani',
524 818 659 899 myrrha
682 829 714 882 et
734 820 804 881 aloe
826 841 898 882 curn
921 820 1066 882 omnibns
1082 820 1205 901 pm‘rnis
1228 823 1407 903 ungnentis.
1503 850 1509 883 s

358 927 403 989 Et
432 925 516 990 haec
546 926 680 1007 quidem
713 928 754 988 ad
787 927 1086 989 commendandam
1118 948 1156 989 ac
1184 928 1396 1010 spiritualiter
1418 931 1486 992 imi·

252 1036 387 1099 tandem
419 1035 632 1097 deuotionem
655 1032 777 1115 Joseph
809 1033 953 1097 breuiter
980 1035 1237 1116 perstrinxerim.
1270 1056 1290 1097 a
1313 1058 1381 1117 quo
1405 1038 1485 1099 dum

252 1162 372 1225 corpus
396 1142 597 1204 dominicum
622 1141 734 1204 debita
758 1142 940 1203 reuerentia
964 1142 1139 1223 suscipitur
1158 1162 1198 1203 ac
1222 1142 1389 1224 sepelitur,
1413 1147 1484 1228 ipse

252 1249 414 1313 Dominus
431 1249 589 1311 uirtutum
606 1257 639 1310 et
655 1269 714 1310 rex
732 1240 857 1329 gloriae
881 1248 985 1310 multo
1009 1242 1184 1329 gloriosius
1208 1248 1285 1311 alibi
1308 1264 1485 1336 susceptus

252 1357 402 1421 creditur.
435 1358 490 1438 qui
521 1365 699 1439 postquam
732 1364 839 1418 morte
870 1376 930 1418 sua
962 1357 1077 1418 mortis
1101 1355 1282 1438 principem
1306 1363 1484 1441 superauit,
1494 1382 1513 1407 ¹⁰

251 1464 365 1527 sedem
389 1465 481 1545 regni
506 1466 583 1539 eius
607 1463 766 1525 infernum
792 1462 924 1538 scilicet,
947 1464 1003 1527 ubi
1026 1467 1148 1547 captiui
1164 1468 1364 1531 tenebantur
1380 1469 1483 1542 electi,

251 1573 472 1655 praecedente
504 1593 539 1634 se
570 1571 709 1653 angelici
740 1572 905 1634 exercitus
937 1571 1051 1634 militia
1081 1583 1236 1655 potenter
1262 1577 1351 1638 adiit.
1386 1587 1483 1639 meta·

251 1682 378 1745 toribus
402 1681 513 1761 itaque
538 1680 663 1762 angelis
687 1682 852 1763 principes
875 1680 1084 1743 tenebrarum
1112 1684 1288 1764 imperiosa
1312 1705 1401 1747 uoce
1424 1693 1482 1747 tur·

250 1789 405 1853 bantibus
437 1798 535 1869 atque
568 1788 769 1851 dicentibus:
804 1788 926 1850 attolite
951 1798 1064 1869 portos
1087 1789 1252 1872 principes
1282 1802 1428 1866 uestras,
1457 1804 1483 1854 et
1557 1875 1559 1880 Ι

249 1896 425 1960 elenamini
441 1906 554 1979 portae
577 1895 771 1961 aeternales:
794 1906 825 1957 et
846 1895 990 1958 introibit
1007 1917 1066 1957 rex
1082 1897 1218 1978 gloriae.
1241 1897 1286 1959 illi
1309 1901 1429 1963 auditu
1452 1910 1500 1962 etis
1557 1883 1559 1926 ³

251 2006 394 2067 aduentu
419 2004 552 2067 insolito
576 2004 708 2065 attoniti
732 2004 952 2087 respondent:
983 2004 1055 2085 quis
1081 2015 1129 2066 est
1157 2006 1216 2068 iste
1246 2028 1305 2069 rex
1329 2008 1476 2089 glorior?

251 2121 284 2173 et
309 2112 433 2193 angeli:
465 2112 642 2183 Dominus,
674 2112 838 2191 inquiunt,
862 2111 965 2191 fortis
987 2121 1018 2172 et
1031 2122 1163 2192 potens:
1189 2112 1353 2177 Dominus
1368 2129 1477 2198 potem
1557 2153 1559 2164 =

250 2221 284 2282 in
301 2220 449 2301 praelio:
473 2219 634 2281 Dominus
657 2218 812 2281 uirtutum
836 2219 903 2299 ipse
924 2229 972 2280 est
992 2240 1051 2280 rex
1068 2218 1203 2300 glorior.
1226 2220 1277 2283 his
1293 2224 1429 2301 auditis,
1451 2234 1479 2286 et

250 2328 385 2408 cognita
401 2326 619 2407 redemptoris
636 2326 831 2407 praesentia,
854 2334 1042 2388 sanctorum
1065 2326 1216 2407 populus
1232 2330 1288 2410 qui
1304 2332 1478 2396 tenebatur

251 2436 282 2496 in
316 2443 422 2497 morte
454 2434 620 2518 captiuus,
663 2433 820 2497 continuo
851 2434 993 2516 assurgit
1033 2454 1146 2516 regem
1177 2433 1302 2517 gloriae
1334 2436 1499 2521 gloriosev

250 2551 470 2625 suscepturus.

357 2651 474 2731 Neque
499 2652 585 2712 enim
610 2659 687 2712 tunc
711 2651 853 2732 primum
877 2650 1143 2712 iucundissimum
1159 2650 1237 2713 illud
1253 2651 1369 2715 salutis
1386 2654 1475 2718 huius

250 2759 398 2821 nuntium
424 2758 610 2832 audiebant,
634 2759 692 2820 sed
717 2757 794 2818 olim
819 2758 883 2818 iam
907 2767 941 2818 et
961 2778 981 2818 a
996 2758 1112 2820 diebus
1136 2761 1276 2841 antiquis
1292 2781 1345 2831 ex
1370 2764 1473 2826 diuina

250 2865 450 2928 reuelatione
483 2864 574 2926 multi
606 2885 719 2926 eorum
748 2873 983 2945 cognouerant.
1015 2864 1059 2926 ibi
1083 2856 1169 2926 enim
1192 2875 1385 2931 sanctorum
1411 2891 1469 2954 pro

250 2961 425 3055 phetarum
456 2971 628 3034 laudabilis
659 2970 711 3033 ille
744 2970 864 3034 chorus
888 2971 1030 3054 pendula
1054 2974 1287 3054 expectatione
1311 2997 1390 3039 cum
1415 2978 1486 3040 reli-²⁵

250 3083 338 3161 quis,
370 3081 460 3161 quod
484 3081 711 3163 praedixerat,
744 3079 1025 3162 praestolabatur,
1056 3081 1186 3160 iamque
1209 3081 1355 3164 impleri,
1392 3084 1463 3168 quod

250 3189 370 3250 totiens
387 3190 583 3271 promissum
608 3189 720 3264 fuerat,
738 3188 929 3250 laetabatur.
953 3188 1016 3249 illic
1032 3187 1258 3270 protoplastus
1274 3193 1471 3256 mortiferum
1557 3262 1558 3265 Ἴ

249 3294 326 3357 illud
359 3299 520 3380 serpentis
552 3306 652 3382 caput
680 3297 857 3359 contritum
881 3295 1046 3369 cernebat,
1077 3296 1161 3358 sicut
1183 3297 1216 3358 in
1240 3297 1312 3378 ipsa
1343 3302 1473 3383 origine,

250 3424 324 3466 cum
354 3406 418 3466 iam
450 3405 492 3467 ab
524 3426 564 3468 eo
597 3407 838 3467 circumuentus
869 3396 998 3479 suisset,
1029 3404 1184 3467 audierat.
1216 3403 1297 3468 haec
1329 3418 1381 3468 est
1410 3410 1474 3471 dies
1557 3373 1559 3451 l

250 3512 399 3587 Domini,
432 3534 530 3593 quam
563 3514 715 3594 egregius
739 3511 792 3575 ille
816 3512 1025 3593 angelorum,
1055 3512 1157 3573 immo
1180 3513 1281 3595 ipsius
1304 3526 1501 3598 susceptor-s
1557 3490 1559 3573 l

250 3627 283 3679 et
314 3618 435 3702 hospes
459 3614 631 3684 Abraham
663 3621 831 3702 quondam
864 3620 1072 3701 praeuiderat
1095 3628 1129 3680 et
1153 3620 1286 3700 gauisus
1313 3631 1381 3695 est,
1413 3642 1475 3704 qua

222 3795 224 3799 ,
250 3745 336 3788 nunc
359 3737 513 3810 suscepta
536 3721 714 3791 illustratus
738 3721 802 3790 estss
822 3749 899 3790 ecce
923 3727 1023 3800 Isaac,
1050 3727 1141 3806 quod
1166 3728 1198 3788 in
1221 3728 1325 3790 odore
1348 3727 1405 3790 filii
1429 3728 1474 3791 sui
1557 3730 1558 3733 ’

251 3834 379 3895 modice
403 3837 637 3916 praegustauit,
661 3831 760 3898 hodie
784 3834 955 3896 manifesta
979 3834 1126 3896 claritate
1150 3836 1302 3916 suscepit,
1334 3855 1410 3898 cum
1434 3834 1473 3897 ad

251 3940 444 4003 descensum
476 3939 790 4005 caelestis'Domini
822 3941 1020 4023 profundum
1051 3941 1251 4021 panderetur
1281 3941 1412 4017 inferni,
1442 3950 1474 4003 et

251 4049 457 4128 peregrinum
496 4050 556 4112 sibi
595 4050 704 4112 lumen
743 4051 914 4111 miraretur
947 4067 1017 4109 nox
1056 4056 1190 4110 aeterna
1227 4049 1356 4111 baratri.
1396 4048 1502 4130 quidus

251 4152 387 4216 referam
410 4157 615 4232 Simeonem,
648 4167 773 4238 quanto
798 4157 942 4238 tripudio
965 4157 1147 4238 susceperit
1171 4156 1212 4217 de
1236 4165 1342 4218 morte
1366 4158 1473 4218 trium·

251 4260 422 4341 phantem,
454 4284 551 4345 quem
584 4265 711 4345 pridem
744 4265 785 4326 ad
818 4263 970 4326 solatium
999 4264 1150 4326 desiderii
1174 4264 1223 4324 sui
1246 4264 1278 4323 in
1302 4262 1385 4325 ulnis
1407 4263 1471 4325 suis

358 4415 381 4466 5.
402 4408 474 4454 Cant.
495 4421 518 4466 4,
543 4419 580 4467 14.
601 4435 635 4441 -—
658 4405 696 4453 18.
718 4407 757 4454 l's.
779 4417 821 4466 23,
843 4415 936 4465 7—10.
