3167 5025
1274 267 1331 330 103

83 437 211 506 Anna
244 438 342 508 uidua
374 455 408 507 et
439 438 649 528 prophetissa
681 451 889 528 processerat
921 444 953 508 in
986 447 1101 510 diebus
1135 447 1259 522 multis,
1299 457 1335 510 ut

85 549 277 614 Christum
302 552 428 614 uideret
451 552 616 628 infantem,
644 563 679 615 tu
702 555 786 615 inter
809 554 935 628 beatos,
959 555 1103 634 quinon
1127 555 1277 618 uiderunt
1301 564 1334 617 et

84 659 336 735 crediderunt,
368 663 411 724 ad
434 660 499 724 hoc
522 662 687 744 profecisti
715 663 888 724 uirtutibus
912 663 1037 737 multis,
1069 671 1104 723 ut
1128 662 1237 745 palam
1261 683 1334 726 con-

86 764 236 829 fitendo
267 769 332 830 iam
363 770 395 831 in
427 769 525 832 caelis
549 779 742 852 regnantem
767 789 829 853 pro
853 769 940 832 fideli
964 771 1032 832 eius
1055 771 1243 832 testimonio
1268 768 1334 832 fun·

59 873 205 935 sderes
239 877 439 956 sanguinem.
471 875 574 938 multa
603 878 636 938 in
667 876 753 938 hunc
785 878 920 939 modum
948 878 990 939 de
1014 886 1153 958 utroque
1177 898 1259 940 sexu
1292 879 1333 940 ad

89 991 183 1043 tuae
216 983 428 1046 beatitudinis
457 983 589 1046 laudem
622 994 689 1046 tam
720 1005 764 1045 ex
796 985 898 1047 ueteri
930 1004 1028 1065 quam
1060 1006 1103 1046 ex
1127 1005 1214 1047 nouo
1238 992 1333 1047 testa-

89 1098 222 1151 mento
247 1089 394 1153 conferre
418 1093 616 1173 potuissem,
645 1093 705 1154 nisi
729 1093 848 1174 ingrati
873 1091 1003 1154 lectoris
1027 1091 1191 1155 fastidium
1215 1093 1334 1155 timuis·

90 1215 185 1258 sem.
221 1198 299 1260 noui
330 1199 428 1260 etiam
461 1198 672 1281 multiplicem
704 1201 833 1262 diuinae
865 1199 1099 1282 intelligentiae
1131 1201 1270 1282 gratiam
1301 1202 1334 1262 in

90 1306 368 1367 domesticorum
403 1315 532 1367 tuorum
567 1308 721 1369 cordibus
755 1307 923 1381 diffusam,
963 1308 1017 1388 qui
1056 1317 1112 1369 tuo
1152 1308 1334 1370 didicerunt

50 1433 78 1457 ¹0
91 1411 267 1494 exemplo
291 1414 471 1496 sapientiae
495 1434 553 1474 ora
576 1434 635 1475 sua
659 1415 792 1496 aperire.
819 1415 904 1476 unde
930 1423 963 1476 et
986 1412 1069 1477 haec
1091 1416 1164 1498 ipsa
1187 1415 1276 1477 uelut
1291 1436 1334 1476 ex

91 1519 276 1602 superfluo
311 1520 372 1581 sibi
405 1521 531 1588 directa
565 1521 761 1594 iudicarent,
800 1522 861 1582 nisi
896 1541 970 1583 cum
1006 1523 1123 1584 ceteris
1162 1523 1334 1584 uirtutibus

94 1629 209 1690 etiam
242 1604 406 1690 humiliter
437 1630 556 1690 sentire
590 1627 763 1709 legemque
787 1628 979 1690 clementiae
1003 1637 1036 1690 te
1060 1631 1201 1692 docente
1225 1631 1257 1691 in
1281 1629 1334 1692 lin-

95 1736 179 1816 guis
204 1734 370 1817 praeferre
394 1735 573 1798 studerent.

217 1843 307 1906 Ecce
337 1843 521 1906 felicissima
552 1853 678 1925 martyr
702 1843 869 1906 Felicitasl
900 1864 966 1906 non
998 1852 1033 1905 ut
1064 1864 1125 1925 pro
1156 1845 1334 1907 deuotione

58 1977 85 2012 1⁵
99 1951 248 2013 affectus
273 1951 375 2025 uolui,
398 1973 459 2015 nec
483 1960 518 2013 ut
542 1972 603 2033 pro
627 1951 823 2014 excellentia
847 1959 922 2013 tuae
947 1951 1115 2032 dignitatis
1139 1952 1251 2026 debui,
1275 1953 1334 2014 sed

100 2067 139 2118 ut
163 2077 231 2140 pro
254 2057 453 2121 hebetudine
477 2078 592 2120 sensus
616 2059 679 2118 mei
696 2059 797 2139 potui,
821 2057 885 2120 hoc
902 2058 1084 2120 sanctitatis
1101 2066 1176 2119 tuae
1194 2053 1335 2139 sigillum

106 2165 260 2248 sculpere
291 2167 416 2240 studui,
447 2177 482 2228 ut
512 2167 554 2226 sit
585 2165 773 2227 memoriale
805 2175 873 2228 tam
905 2164 1042 2245 filiorum
1074 2174 1203 2228 tuorum
1236 2187 1334 2246 quam

111 2273 251 2336 nominis
283 2274 337 2334 tui.
371 2273 523 2353 equidem
556 2292 630 2334 cum
663 2273 695 2333 in
728 2271 811 2334 libro
844 2274 930 2334 uitae
963 2273 1096 2335 nomina
1129 2282 1238 2335 uestra
1271 2275 1334 2335 sint

111 2381 270 2461 asscripta
298 2379 510 2460 celebresque
539 2379 724 2442 habeamini
757 2381 788 2441 in
813 2379 1073 2462 frequentissima
1096 2380 1151 2444 illa
1174 2401 1334 2464 supernae

70 2509 99 2534 20
109 2482 251 2549 ciuitatis
282 2489 385 2562 curia,
417 2508 483 2551 non
515 2508 599 2571 opus
630 2487 758 2550 habetis
790 2487 885 2551 laude
917 2487 968 2550 uel
1000 2489 1157 2551 seruitute
1193 2487 1335 2551 humana
1404 2505 1406 2513 ¹

109 2605 410 2675 quantumcumque
442 2594 595 2657 officiosa.
628 2614 740 2657 uerum
771 2596 1017 2678 nobismetipsis
1048 2596 1265 2678 prospicimus
1296 2616 1334 2657 ac

112 2701 375 2776 thesaurizamus,
400 2721 474 2765 cum
499 2703 682 2764 sanctitatis
707 2711 836 2765 uestrae
860 2703 1042 2784 patrocinia
1057 2704 1212 2785 peculiari
1228 2702 1335 2783 aliqua

117 2809 288 2871 deuotione
319 2808 529 2870 honoramus,
561 2828 677 2870 sereno
708 2809 820 2889 itaque
848 2810 938 2871 uultu
962 2810 1125 2890 respicere
1157 2809 1334 2889 dignemini

115 2927 179 2979 tam
201 2916 352 2997 obsequii
374 2914 469 2978 huius
492 2916 675 2977 ministrum
699 2936 798 2997 quam
820 2936 944 2992 omnes,
968 2917 1022 2997 qui
1039 2936 1100 2998 pro
1117 2925 1226 2978 uestra
1241 2935 1335 2977 uene·

76 3043 101 3079 ²⁵
108 3026 238 3087 ratione
261 3023 313 3096 uel
335 3044 394 3086 sua
410 3023 636 3086 aedificatione
653 3025 706 3105 pie
723 3023 800 3085 illud
818 3025 934 3086 intueri
951 3025 1143 3097 curauerint,
1166 3032 1202 3084 ut
1219 3025 1335 3085 uestris

104 3134 212 3196 adiuti
243 3132 395 3213 precibus
426 3132 605 3204 bonorum,
645 3152 729 3211 quae
760 3130 810 3192 his
842 3132 1114 3193 commendantur
1145 3132 1334 3212 praeconiis,

103 3248 283 3302 consortes
307 3260 379 3301 esse
396 3259 586 3313 mereamur,
610 3248 799 3319 praestante
817 3238 961 3299 Domino
976 3247 1091 3300 nostro
1102 3237 1178 3316 Jesu
1196 3232 1334 3312 Christo,

103 3351 160 3411 cui
193 3356 244 3409 est
275 3368 349 3409 cum
380 3356 475 3430 patre
506 3348 538 3407 in
570 3348 674 3408 sancti
698 3345 838 3427 Spiritus
871 3346 994 3407 unitate
1026 3346 1132 3407 omnis
1163 3343 1271 3406 honor
1302 3354 1335 3406 et

103 3456 217 3538 gloria
240 3475 300 3535 per
323 3452 518 3516 immortalia
542 3453 680 3514 saecula.
727 3452 846 3513 Amen.

221 3608 244 3643 2.
266 3596 326 3644 Luc.
347 3608 370 3654 2,
394 3593 433 3643 rh.
