3167 5025
1292 229 1356 298 VII

126 458 236 519 zogen
260 436 314 499 die
331 434 701 499 Benedictinermbnche
717 455 784 498 von
808 435 866 497 der
889 434 932 497 im
944 432 1042 517 Jahre
1059 434 1124 496 816
1139 452 1217 495 vom
1234 428 1355 495 Grafen

125 543 334 628 Megingaud
346 542 535 624 gestifteten
544 543 647 606 Abtei
658 541 986 625 Megingaudhausen
994 540 1078 605 nach
1087 538 1357 604 Schwarzache*

126 654 200 719 Abt
229 652 380 717 Bernard
409 652 545 732 Reyder
579 651 711 733 begann
747 653 811 715 den
840 650 910 713 Bau
945 651 1034 713 einer
1061 669 1168 711 neuen
1196 648 1356 711 Mlinster·

127 758 249 833 kircbe,
273 758 341 821 den
364 758 537 823 Neumann
561 757 679 821 leitete.
721 757 794 820 Abt
812 757 982 838 Januarius
1004 755 1145 821 Schwab
1169 752 1356 817 vollendete

136 864 275 931 dieselbe
308 866 375 929 und
405 865 480 929 liess
509 866 556 929 sie
590 878 668 945 1741
703 864 889 928 elnweihen.
936 864 983 926 Es
1006 883 1074 925 war
1096 863 1148 925 ein
1171 858 1356 925 Prachtbau

137 976 177 1039 im
198 970 423 1037 italienischen
446 971 549 1053 Style.
596 972 658 1035 Die
681 972 812 1036 Wande
836 991 945 1035 waren
972 971 1031 1033 mit
1054 966 1356 1033 Freskomalereien

134 1082 263 1165 geziert,
288 1078 412 1145 welche
435 1078 679 1145 Deutschlands
696 1078 968 1143 Glaubensboten
992 1074 1255 1141 verherrlichten.
1278 1075 1355 1138 Von

131 1192 194 1253 den
224 1183 538 1269 Klostergebauden
568 1184 657 1251 steht
692 1206 753 1251 nur
787 1183 877 1250 mehr
915 1186 967 1247 ein
1001 1183 1124 1248 ldeiner
1153 1181 1265 1259 Theil,
1298 1181 1358 1245 der

129 1298 329 1364 Gasttract.‹

233 1404 308 1485 Jam
331 1403 578 1485 quaeriturque
595 1410 745 1484 tempore
762 1401 850 1465 Tuto
866 1400 994 1464 uixerit.
1017 1400 1123 1481 Atqui
1139 1397 1357 1481 Gumpertum

128 1514 289 1577 abbatem
312 1509 511 1573 Theoderici
542 1508 710 1573 cuiusdam
739 1527 964 1571 successorem
987 1506 1085 1569 fuisse
1108 1514 1142 1570 et
1164 1505 1240 1568 inde
1264 1504 1306 1567 ab
1330 1524 1357 1567 a.

133 1638 217 1699 1142
251 1639 355 1700 usque
387 1616 428 1680 ad
457 1633 540 1696 1149
563 1617 685 1699 pedum
709 1617 852 1679 tenuisse
876 1615 1049 1696 idibusque
1072 1613 1166 1677 Maiis
1189 1612 1241 1675 uel
1264 1613 1359 1675 iuxta

129 1727 358 1808 necrologium
390 1725 633 1807 Bambergense
668 1724 721 1787 die
761 1740 808 1802 13.
828 1723 900 1804 Jun.
935 1720 1125 1785 defunctum
1159 1740 1231 1783 esse
1266 1720 1359 1781 testis

129 1835 279 1919 locuples
305 1841 356 1896 est
378 1832 611 1895 Ussermanaus
626 1832 735 1913 operis
751 1832 801 1894 sui
823 1830 1053 1912 „Episcopatus
1078 1826 1360 1910 Wrcebargensis“

130 1943 278 2025 inscripti
303 1961 378 2023 pag.
404 1953 476 2018 295.
523 1940 584 2003 His
612 1939 733 2002 addere
757 1938 867 2021 placet
891 1947 957 2000 tres
981 1957 1103 2011 uersus
1126 1956 1210 2017 quos
1233 1935 1362 1997 Dinaea

129 2049 331 2131 „Catalagus
354 2058 384 2109 et
405 2047 585 2129 Descnptia
608 2046 787 2109 Athama
810 2066 885 2128 pag.
914 2046 951 2108 18
976 2045 1019 2108 de
1042 2043 1226 2126 Gumperto
1249 2040 1359 2115 habet,

133 2178 229 2239 quem
263 2156 424 2219 abbatum
457 2155 619 2219 decimum
651 2155 826 2238 septimum
849 2152 947 2217 fuisse
969 2160 1109 2216 testatur
1132 2151 1175 2215 ab
1197 2170 1225 2213 a
1261 2165 1359 2229 11423

136 2284 242 2329 uersus
267 2272 381 2329 autem
404 2261 437 2327 hi
460 2271 552 2325 sunt:

351 2394 404 2455 Qut
421 2390 613 2463 (Theudoricus)
633 2396 678 2444 titt
694 2394 800 2444 coartabit
809 2396 894 2461 fasces
909 2392 1039 2459 Gamperte
1056 2394 1158 2457 regendi

349 2486 442 2551 Lr'quz't,
464 2502 539 2552 quam
559 2486 637 2536 tradis
657 2484 828 2550 Sebennharde
845 2485 895 2549 epse
913 2484 1022 2534 uicerant

350 2577 507 2644 Spartam,¹)
525 2579 585 2628 dum
602 2578 677 2627 iuvat
692 2582 802 2641 optatum
820 2576 974 2625 conscendere
991 2575 1092 2625 caelum.

241 2695 318 2776 Quo
336 2695 464 2758 accedit
486 2692 575 2776 quod
591 2693 638 2756 M.
652 2693 869 2765 Rottmanner,
891 2690 1058 2775 professor
1069 2690 1361 2780 Wirceburgensis‚

143 2802 239 2865 irater
261 2803 300 2865 O.
321 2801 560 2874 Rottmanneri,
587 2819 686 2881 quem
709 2819 809 2882 supra
831 2799 1078 2872 nominauimus
1101 2796 1215 2860 litteris
1239 2797 1362 2860 amicis

146 2911 233 2972 simis
263 2908 335 2972 mihi
365 2908 501 2970 redditis
533 2907 705 2972 certiorem
729 2927 782 2970 me
806 2905 897 2981 fecit,
928 2907 1089 2969 inuenisse
1112 2926 1148 2968 se
1171 2904 1306 2968 tandem
1328 2904 1362 2966 in

140 3015 323 3098 Merelagta
353 3015 385 3079 S.
409 3014 584 3078 Michaelis
606 3013 804 3096 Bambergae
833 3014 894 3076 sub
925 3014 977 3076 die
1008 3013 1097 3076 XXI
1120 3012 1245 3095 Aprilis
1276 3010 1362 3094 (anni

137 3143 307 3188 numerum
331 3122 456 3204 deesse)
488 3120 637 3184 Tutonem
660 3121 804 3184 abbatem
827 3120 858 3182 Τ
852 3120 1070 3193 herisiensem,
1095 3121 1150 3201 qui
1173 3119 1251 3201 quin
1274 3119 1361 3182 idem

136 3233 176 3295 sit
208 3253 247 3294 ac
272 3231 361 3293 Tuto
391 3240 504 3293 noster
527 3230 603 3292 ideo
626 3231 659 3292 in
683 3229 817 3292 dubium
840 3230 951 3292 uocari
973 3248 1041 3290 non
1064 3229 1184 3310 possit,
1216 3228 1305 3308 quod
1329 3235 1363 3290 et

135 3341 204 3422 ipse
223 3337 419 3420 opusculum
435 3336 573 3400 alterum
589 3337 631 3400 ad
646 3337 851 3418 Grempertam
867 3335 1022 3398 abbatem
1034 3334 1362 3400 Schwareachensem

134 3446 349 3529 (1142—49)
388 3445 525 3507 alterum
564 3444 606 3506 ad
644 3444 798 3507 abbatem
843 3443 1048 3526 Wagrandam
1081 3464 1136 3506 seu
1169 3442 1364 3526 z'gaanduna

132 3553 379 3619 Tharisiensem
403 3551 496 3634 (1151
524 3550 554 3635 †)
577 3551 713 3614 dederit.

244 3660 325 3722 Inde
357 3668 447 3724 certo
479 3658 598 3721 certius
627 3677 699 3722 esse
723 3658 852 3720 uidetur
875 3657 1041 3721 Tutonem
1064 3665 1214 3722 nostrum
1237 3657 1364 3720 circiter

131 3767 247 3831 medio
279 3766 410 3830 saeculo
443 3767 640 3828 duodecimo
673 3765 795 3828 uixisse
819 3773 853 3827 et
875 3766 959 3827 intra
983 3786 1085 3828 annos
1113 3781 1194 3843 1142
1219 3773 1253 3828 et
1280 3781 1363 3842 1149

131 3876 307 3957 scripsisse
330 3873 524 3957 opusculum
548 3874 590 3936 de
613 3874 797 3956 praeconiis
821 3894 844 3935 s.
862 3873 1039 3937 Felicitatis
1063 3874 1152 3955 quod
1176 3873 1241 3935 iam
1264 3891 1364 3954 supra

133 3990 357 4045 memoratum
381 3989 439 4044 est.
1092 4002 1094 4009 ·

246 4157 265 4230 Ἰ)
291 4161 342 4211 cfr.
370 4161 421 4210 Cic.
447 4161 479 4210 ad
504 4160 581 4209 Attic.
607 4160 628 4220 1,
655 4172 695 4221 20,
722 4171 745 4220 3,
771 4159 833 4219 1111,
860 4155 884 4219 ὁ,
911 4173 934 4207 2.
970 4159 1096 4224 Sauppius
1123 4159 1175 4207 Cic.
1204 4157 1262 4207 Vol.
1288 4158 1361 4206 VIII.

40 4319 44 4328 ι
134 4268 196 4317 pag.
217 4263 248 4316 91
274 4259 374 4300 monet:
402 4251 507 4310 „Postea
534 4251 712 4314 elegantiarum
739 4255 867 4298 uenatares
893 4251 956 4303 male
981 4249 1062 4298 seduli
1087 4249 1209 4307 uocabula,
1239 4248 1307 4313 qued
1330 4255 1366 4296 est

137 4341 243 4406 Sparta,
264 4342 323 4406 sere
336 4348 385 4406 pra
403 4357 440 4399 ea,
467 4341 534 4404 quad
549 4345 584 4387 est
594 4345 680 4404 partes
697 4345 812 4398 utuntur,
839 4340 875 4386 ita
893 4345 924 4387 ut
939 4340 1035 4388 dicant:
1062 4338 1179 4404 Spartam
1198 4352 1269 4389 suam
1288 4338 1361 4403 tueri,

136 4432 206 4483 hanc
225 4428 267 4482 atii
286 4430 403 4498 Spartam
421 4411 570 4498 relinquere,
592 4428 694 4497 Spartas
713 4428 889 4480 distribuere«
