3167 5025
1286 252 1323 316 31

97 459 241 520 congrue
269 460 337 521 pro
360 437 422 500 hac
447 438 655 520 susceptione
672 407 891 520 praemittitur
907 434 1043 518 angelus
1059 445 1202 499 metator
1218 436 1328 516 utique

95 546 222 609 uenturi
248 548 344 628 regis
367 546 614 609 inuictissimusl
638 548 724 608 unde
749 556 782 609 et
799 544 940 619 Gabriel,
964 545 996 606 id
1013 554 1064 607 est
1083 544 1241 606 tortitudo
1258 544 1329 617 Dei,

94 665 141 717 est
164 653 379 738 appellatuS,
404 664 439 716 ut
468 655 568 738 ipsius
593 654 757 735 legatione
781 653 920 716 fideliter
943 662 1104 735 suscepta,
1129 672 1209 713 mox
1234 652 1330 713 susci·

95 772 226 845 peretur
252 772 291 825 et
312 762 481 825 Dominus,
506 763 639 843 quando
663 772 772 824 autem
790 762 937 823 Galilaea
959 760 1053 823 huius
1076 770 1144 822 tam
1160 758 1330 821 ineffabilis

83 874 217 957 5gratiae
245 871 440 953 primordiis
464 873 649 934 consecrari
672 872 848 953 potuisset,
872 871 931 931 nisi
956 871 987 931 in
1011 890 1046 931 se
1070 867 1234 931 Nazareth
1258 867 1331 929 ciui·

103 990 204 1055 tatem,
231 990 269 1041 et
298 982 330 1041 in
354 981 427 1062 ipsa
450 979 557 1041 aulam
578 979 778 1060 uirginalem,
803 980 932 1041 diuinae
949 979 1108 1039 mansioni
1125 974 1331 1057 singulariter

103 1089 358 1151 conuenientem
389 1086 577 1151 habuisset?
609 1086 756 1149 Galilaea
787 1088 910 1169 quippe
934 1097 1040 1148 rotam
1065 1094 1161 1147 sonat
1171 1103 1182 1158 ,·
1210 1106 1248 1146 ac
1271 1104 1331 1165 per

100 1196 155 1259 hoc
179 1198 351 1259 incertam
375 1196 469 1258 huius
492 1197 580 1258 uitae
604 1196 842 1257 uolubilitatem
867 1196 1016 1256 insinuat.
1040 1192 1205 1255 Nazareth
1221 1202 1330 1254 autem

100 1302 153 1366 llos
177 1304 439 1387 interpretatur,
471 1325 538 1385 quo
561 1305 692 1365 nomine
717 1303 767 1366 uel
792 1304 862 1385 ipse
886 1304 940 1383 qui
965 1304 1025 1363 ait:
1058 1323 1112 1383 ego
1136 1301 1194 1371 uos
1217 1299 1331 1381 campi,

73 1411 144 1481 ,0uel
175 1412 386 1475 inmaculata
415 1414 483 1475 eius
515 1413 667 1493 genetrix
697 1412 880 1492 omnigenis
904 1411 1059 1472 uirtutum
1084 1397 1216 1471 floribus
1240 1409 1332 1469 ador·

101 1529 172 1582 nata
203 1518 505 1601 praefigurabatur.
537 1519 597 1580 nisi
629 1539 709 1599 ergo
743 1517 859 1579 florida
888 1517 972 1595 haec
1002 1515 1129 1597 uirgula
1156 1517 1199 1577 de
1222 1517 1331 1577 radice

98 1626 182 1705 Jesse
208 1648 353 1709 egressa
376 1629 509 1689 inuenta
533 1626 644 1688 suisset
668 1628 700 1687 in
718 1625 872 1699 Galilaea,
897 1645 1028 1705 semper
1052 1625 1121 1685 sine
1138 1646 1197 1705 spe
1214 1622 1333 1685 stabili-

104 1736 174 1797 tatis
197 1734 333 1797 futurae
358 1733 544 1796 uolueretur
568 1733 774 1796 mortalitatis
798 1742 931 1793 nostrae
955 1741 1036 1793 rota.
1068 1732 1128 1791 nisi
1153 1732 1238 1792 enim
1261 1732 1334 1812 ipsa

104 1842 187 1922 prior
209 1845 245 1904 in
272 1844 481 1905 sanctissimo
506 1864 580 1904 eum
605 1843 653 1904 sui
678 1843 825 1923 corporis
849 1840 993 1921 hospitio
1014 1840 1222 1920 suscepisset,
1244 1859 1333 1900 num·

77 1952 199 2038 ¹5quam
216 1950 319 2013 nobis
337 1950 563 2033 suscipiendae
581 1950 681 2031 ipsius
698 1950 823 2030 gratiae
840 1947 977 2009 facultas
995 1949 1073 2009 data
1089 1947 1209 2008 fuisset.
1226 1968 1332 2027 neque

103 2057 163 2119 sibi
192 2079 307 2140 neque
343 2060 492 2139 cuiquam
524 2057 692 2120 hominum
717 2057 760 2118 illi
785 2057 909 2137 egregii
933 2057 1116 2118 dominicae
1139 2055 1333 2117 uisitationis

114 2175 327 2247 susceptores,
340 2166 463 2245 antiqui
476 2165 627 2227 uidelicet
641 2174 760 2246 patres,
774 2166 843 2227 sine
857 2163 918 2226 hac
931 2164 1089 2245 prodesse
1103 2171 1265 2245 poterant,
1279 2164 1334 2243 qui

121 2290 181 2333 cum
194 2274 317 2335 ceteris
334 2273 494 2347 omnibus
506 2245 586 2367 ‘tani
603 2272 869 2353 praecessoribus
886 2292 984 2352 quam
1001 2271 1244 2333 successoribus
1261 2270 1334 2345 suis

121 2380 231 2443 unicam
246 2380 476 2443 sanctissimae
489 2381 695 2462 susceptricis
709 2378 803 2441 huius
815 2380 1088 2441 interuentionem
1101 2379 1334 2461 expectabant,

89 2535 112 2562 *20
211 2486 388 2552 Abraham
420 2497 514 2571 pater
545 2489 613 2550 eius
644 2486 728 2550 hanc
760 2508 833 2549 esse
858 2495 978 2549 terram
1002 2487 1155 2549 diuinitus
1180 2487 1239 2549 sibi
1263 2508 1335 2569 pro-

121 2595 239 2658 missam
275 2598 307 2658 in
332 2598 445 2678 spiritu
470 2596 707 2677 prospiciebat,
739 2595 833 2658 huius
857 2605 962 2657 terrae
987 2596 1221 2677 pinguedinem
1244 2594 1335 2657 Isaac

126 2699 154 2759 in
178 2703 404 2766 benedictione
436 2703 489 2765 filii
521 2704 569 2765 sui
588 2703 691 2783 Jacob
724 2703 958 2785 praeoptabat,
991 2702 1075 2765 hanc
1100 2711 1219 2765 terram
1244 2712 1336 2763 tanta

130 2805 347 2876 benedictionis
372 2813 521 2874 ubertate
546 2811 692 2884 infusam,
718 2820 752 2872 ut
776 2833 836 2892 per
851 2832 923 2872 eam
941 2812 1040 2872 totius
1059 2810 1191 2873 humani
1207 2812 1336 2890 generis

130 2919 280 2997 captiuitas
306 2929 516 2994 auerteretur,
540 2919 652 2998 Dauid,
673 2918 904 3000 prophetando
929 2917 1131 3000 perhibebat.
1156 2919 1232 2998 quia
1248 2919 1334 2979 enim

91 3035 226 3105 25sancta
258 3027 341 3089 hacc
377 3036 410 3088 et
445 3025 641 3088 inmaculata
679 3028 772 3106 uirgo
806 3026 868 3087 Dei
905 3024 1004 3086 filium
1036 3026 1078 3086 ad
1110 3026 1334 3086 redimendam

119 3137 335 3213 captiuitatem
359 3144 506 3196 nostram
531 3135 704 3216 concipere
729 3156 766 3196 ac
785 3154 944 3213 generare
961 3135 1085 3205 meruit,
1110 3133 1184 3194 inde
1202 3143 1335 3194 sanctae

116 3241 282 3306 uniuersali
308 3241 465 3305 ecclesiae
490 3243 647 3304 donatum
673 3250 731 3315 est,
755 3242 839 3302 utin
855 3240 1028 3313 Nazareth,
1052 3241 1084 3300 id
1102 3249 1152 3301 est
1169 3241 1202 3300 in
1218 3239 1335 3301 florido

115 3347 274 3431 religionis
300 3351 459 3412 exercitio
484 3351 678 3423 constituta,
708 3351 750 3410 ad
775 3349 972 3410 euincendas
988 3349 1194 3428 'captiuantis
1217 3349 1336 3409 inimici

115 3461 269 3521 uersutias
294 3457 429 3519 uerbum
454 3458 516 3519 Dei
541 3458 712 3538 concipiat,
738 3466 771 3517 et
794 3455 933 3517 fructum
959 3456 1099 3516 iustitiae
1123 3457 1237 3536 pariat.
1262 3455 1336 3516 hinc

83 3573 142 3642 30et
164 3568 309 3648 uirgines
334 3566 410 3639 eius
434 3565 546 3644 utique
572 3562 655 3625 filiae
680 3564 847 3646 speciales
872 3561 1022 3643 specialis
1038 3562 1182 3643 exempli
1199 3562 1336 3624 sormam

112 3691 237 3737 sumere
263 3681 457 3747 meruerunt,
482 3681 517 3733 ut
542 3672 751 3753 suscipiendo
776 3691 874 3751 quem
896 3670 1123 3731 ardentissime
1148 3671 1337 3732 desiderant

111 3799 250 3861 sponso,
283 3779 445 3862 tranquilli
477 3780 620 3862 pectoris
644 3778 824 3860 hospitium
848 3778 988 3840 offerant
1010 3779 1174 3840 dicentes:
1205 3775 1338 3837 lectulus

112 3901 215 3953 noster
228 3889 379 3971 storz'dus.
403 3887 478 3952 hinc
503 3898 536 3950 et
559 3889 676 3950 ceteris
701 3886 860 3961 fidelibus,
885 3905 1023 3967 quorum
1044 3895 1155 3948 tamen
1170 3883 1252 3946 fides
1269 3885 1337 3944 sine
1418 3870 1419 3874 ¹

112 3998 265 4079 operibus
290 4005 419 4058 mortua
443 4015 510 4057 non
533 3996 582 4068 sit,
616 3994 782 4056 sollemnis
806 3993 859 4055 illa
883 3995 1049 4075 susceptio
1073 4000 1272 4074 praestatur,
1303 3999 1338 4050 nt

83 4104 198 4178 „idem
222 4106 309 4186 ipse,
340 4104 393 4184 qui
418 4103 459 4164 de
484 4104 609 4184 uirgine
633 4111 729 4164 natus
754 4111 820 4174 est,
852 4103 974 4163 totiens
999 4100 1040 4161 ab
1065 4101 1111 4161 eis
1135 4099 1338 4180 suscipiatur,

112 4214 263 4291 quotiens
287 4232 419 4273 mensae
444 4210 593 4272 caelestis
618 4209 792 4272 immortali
817 4209 970 4271 alimonia
993 4207 1186 4270 reficiuntur.

217 4320 342 4381 Verum
366 4339 386 4379 o
411 4318 523 4379 mundi
547 4317 694 4391 domina,
719 4318 760 4378 de
786 4338 851 4398 qua
874 4317 969 4379 nobis
993 4323 1086 4376 tanta
1110 4312 1339 4396 profluxerunt

218 4480 241 4527 9.
263 4463 334 4510 Cant.
356 4475 379 4520 2,
404 4473 424 4508 1.
451 4487 485 4494 ——
506 4471 546 4522 34.
568 4460 639 4508 Cant.
665 4473 684 4520 Ι,
711 4471 748 4524 15.
