3167 5025
477 563 786 632 CAPITVLVM
810 565 933 633 XIIII.

421 713 541 775 Laus
574 733 595 775 a
627 714 863 790 dignitate
896 714 997 775 uiri.

199 871 328 936 Nobilis
357 873 392 934 in
416 873 522 954 portis
551 873 607 936 uir
625 874 709 946 eires,
739 873 868 955 quando
890 873 1007 936 sedem't
1028 893 1098 936 cnm
1121 872 1318 936 senatoribus

91 989 203 1042 terrae.
235 981 341 1042 uirum
364 978 489 1042 electae
512 979 606 1043 huius
629 999 772 1062 sponsae
796 981 847 1044 uel
875 983 1030 1064 cuiusque
1054 979 1158 1044 fidelis
1190 981 1317 1044 animae
1391 1001 1394 1006 ·

70 1087 274 1149 sDominum
306 1107 345 1150 ac
375 1088 620 1170 redemptorem
654 1096 804 1152 nostrum
839 1090 903 1151 iam
934 1089 1058 1152 dudum
1088 1088 1317 1154 intelleximus.

89 1195 183 1256 cuius
216 1192 370 1257 nobilitas
400 1193 453 1256 uel
483 1195 626 1276 dIgnitas
659 1203 749 1258 recte
772 1194 822 1257 his
847 1197 1030 1277 praeconiis
1055 1196 1319 1258 commendanda

87 1302 255 1377 inseritur,
278 1311 314 1363 ut
339 1302 428 1382 quod
452 1301 567 1364 mulier
588 1301 682 1364 fortis
704 1311 879 1390 tantopere
903 1302 1061 1379 laudatur,
1085 1304 1185 1386 ipsius
1201 1304 1319 1370 miseri-

88 1409 229 1472 cordiae
253 1409 459 1485 asscribatur,
483 1418 517 1472 et
541 1412 619 1473 dum
642 1412 750 1474 uarios
774 1411 952 1492 gratiarum
975 1411 1097 1474 riuulos
1113 1412 1319 1485 admIramur,

90 1519 132 1580 ad
166 1519 278 1600 ipsum
309 1516 433 1580 fontem
464 1519 634 1581 iucundius
665 1528 876 1581 reuertamur.
907 1526 957 1582 est
981 1528 1014 1582 et
1038 1520 1100 1582 alia
1123 1539 1320 1582 commemo-

59 1626 217 1690 ¹orandae
242 1626 410 1707 dignitatis
433 1628 503 1690 eius
525 1647 633 1702 causa,
660 1626 812 1690 uidelicet
836 1637 871 1690 ut
895 1649 939 1690 ex
963 1629 1196 1710 magnitudinis
1219 1628 1320 1709 ipsius

91 1734 360 1796 consideratione
390 1744 514 1817 quanta
536 1737 579 1798 sit
601 1735 670 1799 eius
693 1755 834 1817 sponsa,
867 1755 952 1818 quae
975 1733 1133 1798 hactenus
1158 1755 1320 1798 commen·

90 1841 172 1904 data
203 1850 272 1917 est,
310 1842 424 1906 melius
455 1844 686 1925 perpendatur.
725 1843 869 1907 nobilem
902 1845 1024 1926 quippe
1063 1844 1167 1905 uirum
1201 1842 1319 1906 nobilis

93 1950 259 2014 condedet
290 1959 457 2025 matrona,
489 1960 679 2033 quantoque
706 1953 766 2014 uiri
789 1952 933 2034 dignitas
963 1950 1193 2026 excellentior,
1225 1959 1319 2014 tanto

94 2056 239 2120 mulieris
269 2056 375 2138 gloria
405 2057 613 2122 manifestior.
648 2058 742 2122 huius
773 2067 882 2122 autem
914 2059 973 2122 uiri
1008 2058 1213 2122 nobilitatem
1248 2059 1320 2139 quis

69 2163 282 2228 uenarrabit?
312 2166 385 2247 qun
406 2164 549 2247 loquetur
565 2167 726 2250 potentius
747 2167 897 2240 Domini,
929 2166 1061 2230 auditas
1083 2166 1190 2248 foce'et
1215 2186 1321 2228 omnes

105 2270 207 2334 laudm
230 2272 323 2336 ems?
352 2294 490 2354 mugnus
512 2275 583 2356 ipse
605 2284 638 2338 et
657 2273 836 2338 laudabilis
858 2275 970 2348 nrmi's,
995 2295 1115 2356 magna
1139 2283 1172 2337 et
1195 2275 1321 2337 inaesti-

105 2380 237 2456 mabilia,
260 2401 346 2463 quae
369 2391 525 2465 operatur
547 2383 580 2446 in
603 2383 724 2446 sanctis
747 2384 823 2458 suis,
847 2391 880 2446 et
897 2403 981 2464 quae
1002 2382 1211 2466 praeparauit
1226 2381 1321 2444 dilec-

102 2488 222 2553 toribus
245 2488 320 2551 suis.
344 2488 431 2551 idem
454 2488 526 2571 ipse
549 2509 689 2572 magnus
712 2498 746 2554 et
761 2490 948 2567 immensus,
972 2489 1151 2554 minoratus
1167 2488 1322 2573 paulomi-

102 2616 158 2659 nus
187 2596 231 2660 ab
263 2595 404 2677 angelis,
436 2596 478 2659 ad
509 2598 750 2662 ostendendum
781 2597 972 2661 humilitatis
1011 2598 1201 2682 exemplum
1236 2598 1321 2660 adeo

77 2702 251 2782 wigrmbilis
275 2704 443 2787 apparuit,
467 2712 503 2767 ut
525 2712 559 2767 et
583 2703 705 2769 Pilatus
728 2706 757 2768 ei
780 2705 921 2769 diceret:
945 2706 1060 2778 nescis,
1084 2705 1161 2787 quia
1187 2714 1321 2786 potesta·

111 2818 167 2870 tem
187 2809 295 2882 habeo,
326 2809 510 2893 crucufigere
531 2821 576 2884 te,
605 2820 637 2873 et
651 2820 838 2894 potestatem
862 2810 976 2885 liabeo,
999 2811 1158 2874 dimittere
1180 2813 1232 2873 tei
1262 2810 1321 2873 sed

54 2956 62 2965 „
110 2916 161 2996 qui
186 2917 245 2981 sub
272 2917 345 2999 ipsa
367 2916 581 2998 ignobilitatis
604 2916 710 2981 forma
732 2918 879 2982 dixerat:
911 2940 1041 3001 regnum
1063 2939 1168 2982 meum
1192 2926 1324 2981 nonest

102 3022 139 3085 de
165 3022 225 3086 lroc
251 3023 387 3097 mundo,
417 3024 489 3107 ipse
511 3024 604 3087 horno
626 3025 742 3088 nobilis
763 3026 846 3089 obiit
866 3026 902 3089 in
924 3026 1081 3108 regionem
1105 3025 1322 3108 longinquam,

97 3132 238 3214 accipiere
259 3130 324 3193 sibi
343 3152 490 3213 regnum,
521 3141 553 3193 et
573 3132 696 3194 reuerti.
727 3133 759 3195 in
783 3134 855 3214 ipsa
878 3153 959 3215 ergo
983 3133 1186 3207 reuersione,
1213 3131 1247 3195 id
1271 3139 1321 3194 est

65 3240 205 3303 rsiudicii
236 3236 515 3313 manifestatione,
547 3247 687 3321 accepto
717 3240 782 3302 iam
813 3259 917 3321 regno
947 3239 1065 3303 nobilis
1095 3240 1267 3323 apparebit
1289 3241 1322 3301 in

93 3348 212 3429 portis
235 3346 268 3408 id
291 3347 398 3411 estin
413 3347 568 3409 introuitu
592 3367 754 3429 supernae
775 3346 859 3411 illius
882 3348 1030 3423 ciuitatis
1054 3347 1109 3410 ubi
1125 3346 1323 3411 reuelabitur

91 3464 248 3539 potestas
278 3455 468 3530 iudicantis,
503 3474 588 3535 quae
618 3454 749 3518 occulta
779 3462 866 3530 erat,
901 3455 980 3517 dum
1014 3454 1211 3517 iudicaretur
1245 3464 1322 3519 ante

90 3562 240 3629 tribunal
271 3563 439 3645 praesidis.
473 3581 535 3645 pro
566 3560 668 3624 nobili
698 3582 778 3625 uero
809 3561 872 3624 alia
902 3560 1073 3625 translatio
1108 3563 1322 3646 conspicuum

90 3671 218 3756 posuit,
241 3667 306 3733 hoc
329 3669 479 3733 nimirum
502 3668 706 3745 insinuando,
729 3669 805 3751 quia
825 3668 983 3731 uidebunt
999 3666 1151 3744 Infelices,
1174 3670 1208 3731 in
1223 3689 1322 3752 quem

59 3776 342 3852 rotranstixerunt,
364 3777 523 3841 uidebunt
546 3776 681 3839 feliciter
704 3777 945 3852 mundicordes,
968 3776 1087 3858 quibus
1110 3778 1234 3841 dictum
1258 3785 1322 3839 est:

91 3888 202 3952 leucate
235 3884 342 3967 capita
376 3894 501 3959 uestro,
538 3884 691 3966 quonium
725 3884 962 3967 appropinquat
998 3883 1169 3967 redemptio
1207 3894 1321 3948 uestra.

92 3991 229 4077 quando
250 3992 374 4065 sedem't,
397 3994 509 4075 inquit,
539 4015 612 4057 cum
634 3993 832 4056 senatoribus
853 4003 964 4067 terrae,
988 3992 1147 4077 apostolis
1171 3991 1323 4057 uidelicet

94 4103 235 4183 aliisque
257 4100 446 4183 praefectis,
478 4100 595 4184 quibus
617 4099 705 4165 hunc
727 4101 891 4165 iudicandi
922 4122 1114 4167 consessum
1137 4100 1323 4183 repromisit

95 4212 229 4275 dicens:
250 4207 397 4273 sedebitis
418 4218 449 4271 et
470 4230 527 4271 nos
548 4221 646 4291 snper
656 4207 745 4271 sedes
768 4207 942 4282 duodecem,
966 4208 1144 4271 medicantes
1158 4207 1323 4271 duodecim

209 4349 249 4401 rb.
269 4354 309 4402 Ps.
333 4362 389 4416 105,
410 4364 434 4401 2.
453 4378 489 4389 -
510 4349 549 4400 ro.
570 4353 609 4401 Ps.
629 4362 672 4413 47,
693 4364 716 4402 2.
736 4378 771 4388 -
797 4364 839 4401 21.
859 4352 896 4403 Io,
919 4364 957 4417 19,
982 4365 1020 4401 to.
1040 4376 1075 4388 ω-
1098 4363 1139 4413 23·
1160 4350 1196 4399 Io.
1220 4349 1258 4413 r8,
1280 4347 1321 4413 36.

97 4467 135 4478 «-
154 4454 196 4506 ²4·
217 4442 279 4491 Luc.
303 4454 341 4507 19,
366 4454 404 4490 12.
424 4466 459 4476 -
478 4451 519 4502 31·
540 4442 601 4491 Luc.
622 4453 663 4503 21,
684 4441 726 4491 28.
