3167 5025
1287 217 1344 289 ¹33

129 403 216 468 tibus
240 402 315 468 loco
338 401 463 469 deferre
487 403 638 469 solebant
661 404 821 468 uictualia.
854 406 978 469 interea
1001 426 1075 469 cum
1098 405 1229 470 illustris
1251 428 1347 488 quae·

130 515 208 577 dam
231 522 381 576 matrona
404 514 536 576 nomine
552 513 719 604 Florentia
742 515 804 576 iter
827 522 940 596 ageret
956 534 1051 578 curru
1067 514 1232 590 subuecta,
1256 516 1348 597 equis

129 620 372 684 lasciuientibus
404 629 438 682 et
472 641 566 684 cursu
602 622 717 705 rapido
752 622 785 683 in
818 642 979 705 praeceps
1013 642 1086 684 eam
1120 620 1349 698 deferentibus,

128 728 306 812 periclitari
329 730 447 812 coepit,
474 731 584 812 sicque
609 730 682 793 Deo
707 731 901 812 disponente
924 731 956 793 in
980 726 1088 794 locum
1111 730 1200 793 illum
1222 740 1350 794 sancto-

98 821 204 904 srum
227 837 420 920 corporibus
443 838 631 919 insignitum
655 837 795 901 deuenit.
825 847 858 900 et
882 858 959 900 ecce
982 838 1089 909 subito
1113 838 1229 901 beatus
1252 839 1350 902 Vitus

129 965 231 1026 super
254 964 372 1025 aquam
404 945 536 1007 ueniens
561 943 755 1027 periclitanti
778 946 945 1027 apparuit,
977 965 1074 1026 quem
1097 945 1151 1009 illa
1174 947 1350 1009 aestimans

128 1051 286 1133 angelum
310 1071 372 1135 pro
395 1053 563 1134 ereptione
587 1073 646 1116 sua
669 1052 859 1136 suppliciter
881 1054 1054 1117 inuocauit.
1078 1055 1120 1116 ad
1143 1074 1242 1136 quam
1265 1055 1350 1137 ipse:

128 1179 200 1221 non
224 1178 304 1234 sum,
329 1160 382 1234 ait,
406 1168 441 1221 ut
464 1159 522 1222 tibi
546 1160 674 1222 uidetur
697 1160 842 1242 angelus,
866 1160 926 1223 sed
943 1170 1068 1242 martyr
1085 1160 1204 1224 Christi
1219 1164 1350 1225 nomine

129 1266 246 1344 Vitus,
278 1287 352 1330 curn
384 1266 452 1329 aliis
483 1268 611 1330 duobus
641 1269 737 1330 sociis
760 1289 865 1351 nuper
887 1289 948 1352 pro
971 1271 1040 1332 eius
1063 1268 1267 1333 confessione
1291 1272 1351 1334 sub

85 1403 119 1429 ιο
131 1372 341 1437 Diocletiano
365 1374 562 1456 imperatore
586 1395 710 1457 passus
735 1375 761 1437 si
785 1395 865 1457 ergo
889 1395 1029 1458 corpora
1050 1385 1163 1439 nostra
1178 1377 1353 1460 sepelieris,

131 1490 167 1543 et
192 1501 212 1543 a
235 1483 398 1564 praesenti
421 1480 565 1564 periculo
590 1483 783 1565 quantocius
806 1481 1002 1558 liberaberis
1033 1492 1067 1546 et
1089 1485 1243 1566 quicquid
1267 1485 1353 1548 dein·

132 1610 215 1671 ceps
245 1590 327 1652 iuste
355 1589 587 1673 postulaueris,
616 1590 712 1653 nobis
735 1590 1023 1654 interuenientibus
1046 1612 1106 1674 per
1130 1593 1192 1655 Dei
1215 1594 1354 1674 gratiam

134 1699 355 1788 consequeris.
387 1706 419 1760 et
450 1696 500 1760 his
532 1698 627 1760 dictis
657 1699 727 1781 ipse
759 1698 891 1779 quidem
915 1699 969 1779 qui
993 1699 1165 1762 uidebatur
1188 1701 1354 1783 disparuit,

134 1804 191 1868 illa
213 1825 292 1867 uero
316 1803 478 1868 refrenato
502 1806 655 1870 diuinitus
679 1825 837 1887 equorum
861 1806 985 1889 impetu
1010 1804 1146 1869 liberata
1168 1817 1354 1870 sanctorum

93 1933 278 1996 1⁵corpora
302 1912 422 1975 deuote
446 1912 579 1994 collegit
610 1921 644 1975 et
674 1913 874 1976 aromatibus
902 1912 1035 1975 condita
1065 1914 1098 1976 in
1130 1915 1249 1976 eodem
1272 1913 1355 1987 loco,

135 2021 193 2102 qui
217 2019 381 2082 Marianus
405 2019 596 2103 appellatur,
620 2020 848 2082 uenerabiliter
871 2019 1057 2109 sepulturae
1084 2020 1226 2083 tradidit.
1273 2018 1356 2083 Con-

134 2127 291 2190 summati
314 2136 389 2189 sunt
413 2135 523 2190 autern
548 2128 638 2189 beati
661 2135 822 2208 martyres
846 2126 943 2189 Vltus
965 2127 1137 2190 Modestus
1161 2136 1259 2210 atque
1283 2126 1357 2191 Cre·

137 2235 264 2298 scentia
286 2234 390 2298 XVII.
422 2235 452 2297 k.
470 2233 560 2314 Julii,
590 2234 825 2316 imperantibus
849 2234 1055 2298 Diocletiano
1087 2243 1119 2297 et
1146 2235 1357 2310 Maximiano,

137 2343 182 2404 ad
206 2341 336 2405 laudem
360 2350 393 2404 et
416 2341 553 2424 gloriam
578 2342 711 2405 Domini
734 2344 837 2405 nostri
854 2342 931 2421 Jesu
955 2340 1082 2418 Christi,
1106 2344 1157 2405 cui
1180 2352 1230 2405 est
1252 2341 1359 2405 honor

102 2482 128 2509 ,ο
138 2459 174 2513 et
202 2450 373 2533 imperium
404 2469 478 2513 cum
502 2449 597 2513 Patre
628 2450 660 2513 in
691 2450 814 2513 unitate
842 2448 981 2533 Spiritus
1012 2451 1116 2513 sancti
1146 2470 1205 2533 per
1236 2448 1359 2513 infinita

139 2557 271 2621 saecula
294 2558 505 2621 saeculorum.
551 2558 670 2620 Amen.
