3167 5025
1283 245 1323 337 ‚63

96 444 330 527 processimus
355 444 543 505 imminente
561 443 624 505 iam
641 443 803 525 passionis
823 441 969 515 articulo
992 443 1077 525 pigri
1093 441 1326 505 residebimus?

95 530 193 615 absiti
229 550 418 632 sequebatur
449 570 519 613 eum
555 550 657 613 multa
692 551 784 613 turba
815 550 932 633 populi
963 560 994 613 et
1026 549 1212 623 mulierum,
1246 572 1328 632 quae

85 658 295 743 plangebant
316 668 347 721 et
367 658 627 723 lamentabantur
649 680 728 721 euuz.
752 668 785 722 et
810 678 870 721 uos
893 657 1009 721 fratres
1032 658 1204 739 sequimini
1227 659 1327 740 passi-

93 768 158 831 bus
186 766 264 831 fidei
288 766 428 847 uestigia
443 764 554 829 dilecti
570 766 633 829 iam
654 784 721 839 non
737 765 894 839 morituri,
917 765 1097 829 certissime
1113 764 1327 839 confidentes,

71 876 175 957 squia
199 876 284 937 sicut
307 882 386 939 tunc
409 874 641 957 praetermissa
665 872 799 943 furentis
822 872 936 955 populi
960 873 1064 948 turba,
1088 874 1131 935 ad
1151 873 1240 937 solas
1255 871 1326 935 illas

97 981 179 1045 filias
205 981 412 1047 Hierusalem
436 1003 495 1046 suo
520 982 623 1045 amori
647 983 776 1045 deditas
800 971 933 1065 pietatis
956 1002 1034 1046 suae
1058 982 1172 1045 oculos
1195 1001 1326 1043 conuer-

97 1091 151 1165 tit,
184 1091 234 1153 ita
265 1091 381 1155 uestris
405 1110 537 1173 quoque
562 1090 684 1153 sanctis
707 1090 877 1153 desideriis
900 1088 1000 1152 solita
1026 1090 1151 1171 gratiae
1175 1088 1326 1171 largitate

96 1198 324 1281 respondebit.
356 1199 465 1279 itaque
490 1206 718 1261 consummato
742 1198 807 1261 iam
831 1198 993 1280 passionis
1016 1196 1191 1280 triumpho,
1221 1196 1327 1259 uidea-

98 1326 170 1367 mus
203 1314 329 1387 quanta
359 1304 435 1369 fidei
458 1306 636 1369 deuotione
660 1306 886 1370 exanimatum
910 1326 1031 1389 corpus
1054 1303 1217 1387 aloseph
1241 1304 1327 1369 iusto

71 1414 287 1497 10expetitum
311 1422 500 1497 susceptum
524 1422 557 1477 et
580 1413 778 1477 honoratum
802 1413 905 1477 suerit.

172 1536 176 1541 ·
206 1520 277 1584 Alii
300 1522 464 1585 uiuentem
488 1542 555 1585 non
579 1530 707 1585 tantum
731 1528 1008 1604 contempserant,
1031 1521 1090 1582 sed
1114 1528 1147 1583 et
1163 1529 1328 1583 contume-

95 1629 145 1691 liis
178 1637 214 1690 et
245 1628 392 1701 ludibriis
423 1650 526 1711 usque
558 1630 600 1693 ad
624 1639 764 1693 mortem
789 1631 894 1693 crucis
918 1629 1111 1705 affecerant3
1142 1628 1203 1691 iste
1228 1628 1327 1692 etiam

96 1735 291 1800 defunctum
330 1736 533 1819 amplectens
579 1738 733 1819 congruis
768 1745 943 1800 ueneratur
983 1735 1158 1815 obsequiis,
1198 1735 1328 1797 uidetur

96 1866 178 1925 ergo
204 1845 311 1907 iustus
334 1844 396 1907 iste
420 1845 562 1909 deuotos
592 1867 723 1927 quoque
747 1845 882 1908 Domini
905 1852 1114 1927 susceptores
1137 1843 1326 1905 meritorum

65 1952 203 2035 ugloria
234 1952 380 2033 praeire,
412 1972 452 2015 eo
484 1953 573 2034 quod
605 1952 649 2015 illi
681 1953 847 2015 uiuentem
870 1960 904 2014 et
926 1950 1088 2013 miraculis
1110 1949 1326 2031 refulgentem

97 2059 352 2135 honorauerint,
375 2058 427 2123 hic
452 2069 561 2123 autem
585 2060 734 2144 patibulo
757 2061 862 2123 crucis
883 2058 1018 2121 affixum
1036 2078 1157 2141 corpus
1173 2059 1326 2122 exanime

102 2166 332 2231 uenerabiliter
355 2168 553 2250 deposuerit,
587 2176 620 2231 et
643 2168 675 2231 in
698 2174 913 2230 monumento
937 2186 997 2229 suo
1020 2186 1110 2229 nouo
1134 2166 1326 2229 condiderit.

107 2294 219 2355 magna
244 2294 323 2337 uere
347 2276 564 2356 susceptionis
588 2274 682 2338 huius
706 2276 813 2357 gratia
835 2272 1028 2337 immortalis
1052 2275 1113 2337 erit
1136 2275 1235 2338 etiam
1260 2294 1326 2337 sus·

109 2384 243 2463 ceptoris
276 2382 378 2464 ipsius
410 2383 575 2446 memoria.
605 2404 676 2447 cum
708 2383 828 2464 zuzauis
857 2380 1027 2464 deputatus
1056 2394 1128 2445 erat
1157 2381 1326 2456 Dominus

77 2491 183 2554 winter
206 2488 355 2552 latrones
379 2491 462 2554 duos
486 2491 613 2554 medius
636 2490 820 2574 pendebat,
851 2489 961 2564 clauis
975 2488 1110 2565 affixus,
1140 2489 1326 2554 uulneribus

108 2606 300 2688 cruentatus,
324 2599 568 2662 transeuntibus
592 2619 651 2681 per
672 2600 757 2661 uiam
774 2599 1011 2680 ignominiosae
1029 2600 1143 2662 mortis
1160 2608 1326 2682 spectacu-

110 2703 171 2766 lum
190 2705 382 2788 praebebat
416 2714 449 2768 at
467 2705 592 2788 Joseph
616 2707 736 2769 iustum
759 2705 838 2768 nihil
861 2705 978 2769 horum
1003 2705 1120 2770 a'fidei
1144 2727 1221 2770 suae
1253 2727 1327 2768 con·

116 2814 225 2874 stantia
247 2822 437 2895 permouet;
461 2815 630 2876 nonenim
654 2834 739 2895 quae
763 2815 915 2877 uidentur
938 2815 998 2876 sed
1021 2835 1105 2896 quae
1129 2835 1196 2877 non
1219 2814 1327 2877 uiden-

115 2927 162 2982 tur
191 2920 414 2996 considerans,
445 2922 508 2984 ista
538 2922 644 3003 magis
676 2922 800 3003 gloriae
831 2943 931 3004 quam
957 2923 1155 3004 ignominiae
1179 2923 1325 3004 deputat.

74 3045 97 3082 ²⁵
108 3029 270 3092 uideamus
296 3038 406 3092 autem
430 3030 508 3111 quid
532 3030 627 3093 nobis
651 3031 845 3094 intrinsecus
868 3032 1047 3094 insinuetur
1070 3028 1244 3112 agendum,
1267 3052 1326 3113 per

102 3137 227 3200 celebre
264 3137 331 3200 hoc
366 3137 559 3219 obsequium
594 3139 725 3221 corpori
759 3139 926 3201 dominico
961 3140 1152 3221 impensum.
1188 3140 1325 3201 sindone

100 3246 222 3309 munda
246 3245 423 3308 inuoluitur
446 3255 479 3308 et
505 3246 536 3308 in
557 3255 771 3309 monumento
795 3266 885 3308 nouo
908 3248 950 3309 de
974 3255 1069 3329 petra
1091 3248 1206 3310 exciso
1229 3246 1326 3326 collo·

98 3363 198 3416 catur.
230 3361 303 3415 erat
335 3362 444 3416 autem
476 3362 724 3416 monumentum
755 3355 863 3436 ipsum
892 3355 925 3416 in
955 3353 1062 3417 horto.
1092 3374 1153 3419 nec
1178 3365 1326 3420 aromata

96 3461 288 3544 sepulturae
312 3460 386 3523 huic
410 3459 598 3535 defuerunt,
631 3462 707 3542 quia
731 3463 820 3524 uenit
848 3471 881 3524 et
904 3439 1106 3544 Nicodemus
1136 3464 1169 3527 in
1200 3464 1324 3526 eisdem

65 3583 86 3617 ³⁰
95 3570 249 3650 exequiis
273 3589 366 3630 suam
390 3587 522 3650 quoque
547 3569 759 3632 deuotionem
783 3578 989 3644 ostensurus,
1018 3569 1125 3633 serens
1148 3572 1324 3635 mixturam

94 3675 262 3758 myrrhae.
279 3684 313 3737 et
337 3674 426 3738 aloes
450 3676 543 3758 quasi
567 3675 665 3738 libras
690 3684 831 3738 centum.
855 3676 934 3739 felix
958 3677 1013 3758 qui
1037 3678 1247 3759 spiritualiter
1263 3679 1325 3740 ista

93 3785 246 3847 Domino
281 3782 438 3848 exhibere
473 3784 633 3866 potuerit,
672 3792 705 3846 et
741 3784 783 3846 ad
819 3785 1060 3866 suscipiendum
1097 3807 1170 3848 eum
1206 3784 1325 3848 talibus

93 3893 255 3975 impensis
287 3892 509 3970 abundauerit.
542 3893 634 3974 quasi
667 3893 788 3956 munda
812 3895 950 3956 sindone
973 3893 1163 3969 inuoluitur,
1195 3914 1268 3957 cum
1292 3895 1324 3954 in

94 3997 307 4083 simplicitate
332 4008 365 4062 et
389 4001 548 4063 munditia
571 4000 689 4062 mentis
706 4009 838 4063 nostrae
854 4002 1036 4083 suscipitur.
1060 4003 1092 4065 in
1108 4023 1197 4064 nouo
1214 4011 1322 4064 autem

64 4134 85 4170 35
95 4116 127 4169 et
152 4109 197 4171 de
222 4115 317 4189 petra
340 4109 453 4170 exciso
477 4117 691 4172 monumento
715 4109 744 4170 ei
767 4107 876 4172 locum
901 4109 1033 4184 damuS,
1065 4111 1092 4172 si
1115 4111 1148 4173 in
1176 4109 1323 4171 nouitate

97 4216 184 4278 uitae
202 4214 424 4291 ambulantes
456 4216 544 4279 etin
568 4217 754 4280 constantia
778 4215 853 4279 fidei
877 4225 990 4298 petrae
1013 4216 1255 4280 similitudinem
1279 4225 1323 4277 te·

98 4332 232 4398 nentes,
263 4331 361 4404 grato
393 4320 481 4384 illum
514 4322 658 4406 hospitio
690 4321 897 4388 honoramus.
931 4345 971 4386 ea
1001 4323 1207 4391 nihilominus
1239 4343 1323 4405 quae

205 4478 229 4528 3.
251 4467 311 4516 Luc.
334 4477 375 4528 23,
396 4476 437 4527 27.
459 4494 492 4502 -
515 4479 552 4532 19.
574 4467 635 4515 Luc.
657 4479 697 4527 22,
719 4477 760 4532 37.
