3167 5025
259 303 374 386 34Ι

257 482 390 562 quidam
415 483 528 564 templi
552 484 654 565 ipsius
671 486 813 565 parietes
830 506 889 571 per
905 484 1135 547 sacrificiorum
1153 486 1232 546 ritus
1249 493 1282 545 et
1298 480 1491 565 pharisaeo·

257 610 327 651 rum
351 590 561 665 traditiones,
593 592 652 653 sed
677 594 703 653 is
727 594 782 673 qui
807 592 955 655 habitare
979 594 1023 655 ibi
1046 600 1278 666 consueuerat,
1309 590 1494 668 elongatus
1568 617 1569 622 κ

258 705 290 758 et
314 698 519 759 mansionem
542 698 611 759 eius
635 698 815 761 abhorrens
840 700 988 763 dicebat:
1013 699 1100 763 iacta
1115 708 1165 762 est
1181 698 1259 761 mihi
1275 699 1402 760 domus
1420 713 1496 755 mea
1565 695 1567 700 '

257 804 351 885 quasi
381 804 539 886 spelunca
569 804 728 886 hyaenae.
760 816 974 869 ueruntamen
1004 808 1037 870 in
1066 808 1176 869 medio
1198 804 1315 888 templi
1337 802 1496 866 eiusdem
1569 805 1571 812 ’

257 912 391 994 quidam
422 910 518 974 electi
547 920 581 974 et
604 932 710 975 nouae
734 914 861 995 gratiae
885 914 998 977 deuoti
1021 923 1230 996 susceptores
1253 912 1381 975 inuenti
1407 916 1519 981 sunts

257 1021 299 1082 de
330 1018 449 1100 quibus
480 1020 731 1101 superueniente
762 1019 863 1083 Anna
893 1021 992 1083 uidua
1022 1020 1180 1103 scriptum
1203 1028 1270 1083 est:
1301 1017 1497 1100 loquebatur

258 1127 297 1189 de
320 1126 378 1188 illo
400 1127 553 1198 ominibus,
578 1126 636 1208 qui
648 1127 858 1209 expectabant
870 1127 1113 1210 redemptionem
1130 1127 1239 1191 Israel.
1263 1126 1296 1189 bi
1312 1145 1402 1207 ergo
1421 1142 1494 1186 cum

258 1234 412 1297 Simeone
436 1254 474 1296 ac
499 1234 616 1297 eadem
641 1233 852 1317 prophetissa
875 1234 1008 1317 speciali
1032 1234 1253 1317 gratulatione
1269 1233 1495 1297 iucundantes

260 1342 369 1403 dicere
400 1350 571 1424 poterant:
602 1342 798 1423 suscepimus
821 1342 911 1405 Deus
933 1342 1188 1405 moisem'cordmm
1211 1353 1301 1405 tuam
1325 1341 1360 1403 in
1388 1337 1493 1402 medio

258 1448 371 1531 templi
399 1449 466 1522 tui,·
496 1470 535 1511 ac
566 1450 594 1511 si
617 1449 761 1531 apertius
785 1450 949 1513 dicerent:
980 1451 1087 1513 omnis
1109 1451 1244 1531 quidem
1266 1470 1349 1531 gens
1376 1454 1518 1509 nostra¹0

259 1557 342 1618 sicut
365 1556 397 1618 in
421 1556 562 1637 antiquis
585 1555 741 1638 patribus,
766 1557 812 1618 ita
834 1565 868 1619 et
884 1558 1005 1619 nostris
1020 1558 1225 1641 temporibus
1241 1557 1308 1631 tibi,
1333 1556 1393 1637 qui
1412 1572 1493 1615 unus

258 1664 411 1744 idemque
428 1662 519 1725 Deus
544 1685 588 1738 es,
611 1672 760 1745 paratam
784 1665 817 1725 in
840 1685 876 1726 se
900 1666 1105 1727 mansionem
1128 1664 1286 1727 exhibere
1309 1664 1493 1735 debuerat;

259 1771 317 1833 sed
348 1770 418 1833 aliis
442 1792 462 1833 a
484 1792 572 1834 noua
594 1770 665 1834 luce
689 1770 805 1834 oculos
828 1772 1068 1847 auertentibus,
1098 1792 1159 1835 nos
1183 1773 1215 1836 in
1239 1772 1350 1835 medio
1376 1787 1492 1833 eorum
1571 1837 1572 1860 χ

259 1878 516 1941 misericordiam
532 1887 631 1953 tuam,
655 1878 688 1939 id
704 1886 755 1939 est
771 1878 983 1959 unigenitum,
1006 1898 1066 1959 per
1082 1899 1179 1959 quem
1196 1880 1343 1941 omnium
1359 1878 1491 1940 misere·
1571 1875 1572 1884 ’

259 1986 311 2060 rie,
335 1986 455 2048 deuote
480 1986 691 2067 suscepimus
1495 2006 1513 2042 u

366 2092 458 2155 Haec
483 2092 616 2173 quidem
640 2101 718 2154 tunc
743 2091 889 2155 Simeoni
912 2112 952 2153 ac
975 2093 1093 2155 ceteris
1117 2093 1230 2174 primis
1253 2092 1418 2156 dominici
1444 2088 1483 2152 ad·

249 2207 376 2261 uentus
400 2200 626 2280 congruebant
651 2198 905 2280 susceptoribus
929 2220 1014 2279 quae
1038 2208 1072 2261 et
1086 2220 1149 2262 nos
1165 2200 1325 2262 ueraciter
1340 2196 1488 2281 profiteri

259 2308 357 2370 saciat
386 2307 570 2369 misericors
594 2307 765 2369 Dominus,
795 2325 870 2368 nam
895 2315 929 2367 et
951 2326 1037 2368 nunc
1060 2307 1219 2388 templum
1244 2308 1313 2369 eius
1336 2314 1489 2368 sanctum

260 2414 449 2477 uniuersalis
480 2413 619 2476 ecclesia
643 2421 709 2488 est,
741 2434 826 2493 quae
854 2413 929 2493 quia
953 2411 1058 2475 malos
1082 2433 1101 2475 a
1124 2414 1220 2476 bonis
1243 2434 1401 2497 separare
1426 2430 1491 2475 non

260 2523 362 2597 ualet,
394 2521 515 2584 multos
539 2523 571 2583 in
596 2543 631 2583 se
655 2525 794 2582 lormam
819 2520 950 2601 quidem
974 2521 1105 2602 pietatis
1128 2520 1306 2597 habentes,
1333 2522 1520 2584 uirtutem2⁰

260 2651 338 2692 uero
363 2629 431 2691 eius
456 2629 659 2709 abnegantes
683 2626 792 2688 habet.
816 2624 849 2687 hi
873 2634 1011 2707 ergoet
1035 2629 1215 2709 suscipiunt
1231 2629 1340 2690 Deum
1364 2637 1399 2690 et
1420 2643 1490 2688 non

260 2738 454 2819 suscipiunt,
486 2735 666 2816 suscipiunt
699 2754 759 2815 per
782 2741 1005 2807 sacramenta,
1035 2754 1103 2796 non
1126 2736 1307 2817 suscipiunt
1330 2756 1392 2818 per
1416 2732 1490 2796 fidei

260 2855 293 2908 et
317 2845 461 2907 caritatis
485 2863 595 2924 opera.
619 2843 703 2904 inter
727 2840 788 2903 hos
813 2849 923 2903 tamen
939 2841 1030 2902 nouit
1047 2842 1208 2904 Dominus
1232 2844 1286 2924 qui
1310 2851 1390 2905 sunt
1416 2844 1489 2912 eius,
1573 2848 1574 2869 ¹

260 2955 315 3035 qui
345 2950 538 3014 fiducialiter
566 2951 675 3012 dicere
708 2958 862 3031 possunt:
892 2948 1086 3028 suscepimus
1113 2949 1203 3011 Deus
1233 2950 1488 3012 misericordium
1572 2930 1574 2944 ι

260 3073 349 3123 tuam
381 3061 415 3121 in
447 3057 550 3120 medio
581 3056 692 3139 templi
721 3056 786 3128 tui,·
817 3076 876 3137 per
907 3054 1006 3117 fidem
1036 3074 1179 3136 namque
1203 3066 1236 3119 et
1259 3058 1507 3138 operationem

260 3169 396 3248 dignum
414 3165 575 3227 mansioni
591 3164 659 3226 eius
677 3170 876 3245 praeparant
893 3160 1010 3224 locum.
1026 3163 1069 3223 ad
1086 3160 1148 3224 hos
1163 3164 1257 3243 quasi
1273 3165 1316 3225 ad
1329 3166 1488 3247 templum
1573 3188 1574 3213 1

261 3294 354 3336 suum
386 3273 574 3352 frequenter
605 3271 715 3333 uenire
744 3269 926 3332 delectatur
950 3267 1133 3329 dominator
1154 3290 1245 3349 qriem
1269 3291 1341 3342 iios,
1376 3270 1490 3334 fratres

261 3381 426 3454 carissimi,
443 3379 606 3461 qiiaem'tis,
622 3388 652 3439 et
666 3376 802 3458 angelus
817 3373 1003 3445 testamenti,
1026 3395 1117 3454 quem
1133 3395 1190 3436 uos
1205 3376 1312 3448 rcultis,
1334 3381 1491 3458 quoniam

260 3488 313 3550 hic
337 3489 366 3548 ei
390 3486 572 3548 offeruntur
595 3482 753 3546 sacrificia
776 3483 809 3544 in
832 3481 961 3543 iustitia.
985 3478 1037 3540 hic
1061 3479 1103 3542 ad
1120 3478 1282 3544 Simeonis
1298 3485 1492 3568 exemplum

260 3593 449 3657 indeficiens
475 3591 689 3674 spiritualium
712 3589 949 3653 desideriorum
973 3586 1105 3648 flamma
1127 3585 1202 3648 oleo
1226 3591 1374 3652 caritatis
1397 3592 1519 3654 nutri-³⁰

262 3711 330 3776 tur,
361 3700 413 3763 hic
446 3700 574 3761 diuinae
599 3697 822 3760 illustrationis
847 3693 1033 3776 praesentia
1055 3692 1304 3775 incomparabili
1328 3700 1495 3760 suauitate

263 3812 467 3891 degustatur,
492 3807 537 3868 ita
560 3815 596 3867 ut
620 3822 866 3885 nonnumquam
891 3801 990 3863 etiam
1014 3797 1185 3861 manifesta
1209 3801 1418 3866 reuelatione
1443 3825 1495 3867 ex·

261 3919 420 3980 trinsecus
444 3915 638 3987 innotescat,
662 3932 761 3992 quam
785 3918 936 3992 paratam
960 3924 1090 3986 semper
1106 3904 1138 3966 in
1154 3908 1281 3990 templo
1297 3930 1361 3972 suo
1378 3913 1494 3974 sedem

261 4027 353 4087 Deus
376 4022 528 4085 inueniat.

367 4131 454 4193 Nam
472 4137 507 4190 ut
523 4126 708 4207 antiquiora
723 4124 818 4187 huius
831 4122 956 4204 gratiae
969 4126 1173 4201 praeteream
1186 4122 1352 4204 exempla,
1369 4135 1495 4205 quanta
1503 4141 1524 4179 as

260 4243 407 4304 internae
431 4235 612 4299 dulcedinis
637 4233 787 4313 largitate
804 4224 1025 4292 uenerabilem
1040 4222 1130 4286 illum
1144 4234 1273 4306 patrem
1289 4227 1494 4294 Amelonem

261 4345 401 4410 infusum
426 4341 614 4415 aestimatis
638 4339 729 4402 cuius
743 4338 945 4399 mentionem
962 4331 1172 4394 familiaribus
1187 4333 1388 4414 aliquotiens
1404 4337 1494 4419 apud

370 4499 393 4550 7.
413 4488 474 4538 Luc.
495 4498 519 4546 2,
539 4483 581 4548 38.
601 4511 636 4519 -
655 4481 697 4546 38.
719 4479 779 4528 Mal.
801 4491 825 4540 3,
855 4489 875 4524 1.
