3167 5025
262 243 307 310 70

262 429 334 509 quis
371 427 425 492 ille
461 436 530 502 est,
566 427 624 510 qui
660 429 929 513 pronuntiantem
964 431 1101 496 audieus
1130 429 1288 516 Spiritum
1321 441 1478 496 sanctum:
1546 413 1560 471 3

260 536 425 599 mulierem
439 541 561 619 sortem
584 541 658 621 quis
679 540 826 612 inueniet,
849 541 1053 604 felicissimae
1070 542 1165 604 huius
1181 546 1294 606 matris
1310 543 1481 606 Felicitatis

261 646 402 726 uestigia
423 645 556 709 sibimet
578 667 641 729 pro
663 648 800 710 modulo
816 669 877 710 suo
892 651 1053 732 impressa
1068 653 1308 732 recognouerit.
1331 650 1385 712 hic
1399 653 1482 712 enim
1551 635 1552 648 ,

260 751 429 814 mulierem
459 753 578 816 sortem
609 757 674 816 iam
704 775 792 819 nuuc
822 757 1027 838 aliquatenus
1058 760 1197 833 inuenit,
1234 761 1313 840 quia
1347 761 1482 840 pretium

165 934 170 942 Ι
260 859 337 934 eius,
360 861 452 942 quod
474 861 589 944 procul
613 873 647 924 et
670 863 714 924 de
736 863 857 924 ultimis
881 864 999 926 finibus
1022 875 1082 940 est,
1105 867 1138 927 in
1161 868 1383 928 conscientiae
1407 886 1505 926 suaer

259 965 373 1030 loculis
396 969 555 1050 possidet.

365 1074 456 1138 Talis
485 1077 637 1138 nimirum
667 1079 765 1140 etiam
795 1079 963 1160 loquendo
986 1080 1038 1141 uel
1062 1080 1238 1142 scribendo
1261 1079 1349 1141 illam
1373 1090 1482 1162 posset
1559 1088 1560 1096 ’

258 1182 413 1256 inuenire,
435 1183 469 1244 id
492 1193 544 1245 est
566 1184 778 1247 beatitudinis
802 1189 872 1249 eius
887 1188 1100 1269 praeconium
1116 1197 1185 1249 tam
1202 1189 1335 1271 proprie
1352 1197 1480 1268 tamque
1559 1227 1560 1233 κ

258 1291 417 1354 uiuaciter
439 1291 643 1354 auditoribus
665 1293 837 1368 insinuare,
861 1303 897 1356 ut
921 1297 1013 1377 quasi
1036 1306 1245 1378 praesentem
1269 1297 1377 1375 digito
1400 1297 1481 1356 uide·
1559 1305 1560 1340 3

258 1407 348 1460 retur
378 1399 564 1462 ostendere.
594 1419 704 1462 nonne
736 1403 783 1463 sic
816 1421 889 1464 eam
912 1404 990 1465 beat
1002 1425 1030 1466 is
1063 1413 1097 1466 et
1129 1403 1301 1484 singularis
1331 1403 1385 1464 ille
1409 1402 1509 1464 Cre-¹0
1559 1415 1560 1420 ’

260 1505 374 1585 gorius
389 1506 513 1568 inuenit
535 1506 670 1588 aliisque
686 1509 840 1583 ostendit,
864 1511 919 1590 qui
941 1509 1085 1572 nobilem
1107 1510 1197 1572 illurn
1221 1510 1371 1572 lectionis
1395 1531 1482 1570 euan·
1559 1555 1560 1558 η

257 1611 384 1690 gelicae
414 1621 591 1676 tractatum
614 1613 719 1677 laudis
742 1615 812 1676 eius
840 1615 935 1678 titulo
958 1617 1145 1696 insigniuit?
1176 1636 1272 1692 sane,
1302 1617 1358 1678 ubi
1381 1620 1480 1678 nostn'
1559 1631 1560 1640 ¹

258 1719 391 1783 codices
422 1718 563 1783 habeut:
587 1720 706 1802 procul
732 1720 824 1783 etde
855 1721 980 1784 ultimis
1001 1723 1128 1805 finibus
1144 1725 1285 1806 pretium
1308 1723 1393 1795 eriis,
1426 1725 1481 1786 alia

256 1827 427 1890 translatio
458 1828 505 1890 sic
536 1829 662 1910 posuit:
696 1829 873 1910 pretiosior
904 1837 954 1890 est
985 1838 1096 1892 autern
1128 1830 1290 1914 lapidibus
1321 1835 1478 1914 pretiosis.

256 1943 289 1996 et
313 1933 378 1998 hoc
401 1955 533 2018 quoque
562 1935 681 1998 beatae
704 1935 883 1999 Felicitatis
907 1939 1091 2019 praeconiis
1123 1940 1292 2022 aptissime
1324 1943 1498 2020 congrum

256 2052 331 2106 suut
354 2044 441 2104 enim
465 2042 593 2126 lapides
615 2044 761 2125 pretiosi,
785 2044 911 2126 lapides
935 2046 1009 2121 uiui,
1033 2055 1197 2127 martyres
1220 2048 1333 2120 sancti,
1368 2049 1469 2130 quibus
1559 2061 1560 2068 ¹

255 2160 366 2212 tamen
405 2160 598 2233 comparata
635 2160 763 2232 martyr
801 2153 863 2214 ista
902 2154 1077 2236 pretiosior
1115 2156 1284 2217 inuenitur.
1330 2157 1474 2236 equidem

255 2257 373 2338 singuli
397 2265 561 2338 martyres
592 2257 694 2319 semel
719 2268 949 2320 consummato
972 2262 1120 2341 martyrii
1143 2259 1309 2342 triumpho
1333 2263 1477 2325 coronari

255 2373 455 2442 meruerunt,
479 2364 561 2427 haec
578 2385 657 2426 uero
673 2367 795 2447 septies
812 2368 843 2428 in
861 2365 999 2429 filiorum
1016 2370 1179 2449 passione,
1203 2378 1323 2431 octauo
1347 2372 1477 2432 tandem

254 2471 329 2536 loco
352 2473 385 2536 in
408 2473 586 2555 semetipsa
609 2474 801 2555 martyrium
826 2475 997 2550 sustinens,
1030 2495 1091 2539 nee
1114 2477 1178 2538 iam
1203 2484 1330 2539 tantum
1357 2488 1500 2559 martyre

255 2582 314 2645 sed
338 2580 411 2663 plus
435 2599 533 2663 quam
558 2590 684 2662 martyr
708 2582 839 2643 maioris
863 2582 987 2661 gloriae
1011 2584 1155 2665 palmam
1181 2586 1329 2649 obtinuit.

689 2812 1003 2878 CAPITVLVM
1026 2814 1048 2878 I.

661 2959 756 3019 Laus
779 2978 800 3021 a
823 2976 974 3037 persona
998 2961 1073 3021 uiri.

359 3115 467 3200 Quam
500 3118 569 3180 eius
602 3120 822 3181 constantiam
855 3120 925 3201 ipse
959 3121 1068 3181 cordis
1102 3127 1135 3181 et
1170 3140 1283 3181 renum
1317 3132 1478 3185 scrutator

251 3225 350 3306 louge
378 3235 455 3289 ante
478 3227 694 3309 praeuiderat,
718 3228 760 3289 de
783 3246 850 3309 quo
874 3236 907 3289 et
932 3228 1152 3307 subiungitur:
1176 3228 1310 3311 confidit
1324 3230 1360 3291 iu
1376 3252 1415 3292 ea
1433 3250 1499 3291 cors

251 3331 320 3395 uin·
339 3333 398 3395 sui.
422 3352 490 3396 non
513 3332 647 3395 dubium
672 3334 749 3415 quin
773 3334 872 3397 beata
896 3334 1048 3397 Felicitas
1071 3334 1210 3417 plurima
1234 3356 1366 3411 eorum,
1398 3358 1474 3419 quae

251 3438 303 3501 hie
327 3440 615 3515 commendantur,
646 3449 714 3503 tam
738 3442 827 3523 prius
851 3442 883 3502 in
908 3442 1061 3523 coniugio
1084 3461 1183 3523 quam
1207 3444 1427 3525 postmodum
1449 3447 1469 3505 iu

250 3546 416 3609 uiduitatis
440 3549 614 3629 proposito
646 3550 744 3609 etiarn
769 3549 811 3611 ad
836 3548 977 3611 litteram
1002 3548 1173 3613 actualiter
1195 3550 1390 3633 impleuerit,
1427 3572 1472 3615 ex·

249 3654 355 3735 ceptis
385 3653 452 3729 his,
483 3642 568 3735 quae
598 3658 739 3735 mystice
771 3654 937 3719 intellecta
960 3656 1170 3739 spiritualiter
1201 3678 1333 3739 quoque
1365 3660 1410 3723 ab
1442 3678 1475 3721 ea

250 3770 479 3825 consummata
510 3770 593 3824 sunt.
626 3764 768 3825 creditur
801 3764 887 3825 enim
919 3760 993 3825 huic
1024 3772 1137 3826 tantae
1168 3774 1356 3841 matronae,
1396 3786 1474 3849 quae
1483 3789 1503 3824 so

250 3868 398 3949 martyrii
414 3870 641 3931 consecranda
664 3878 735 3932 erat
758 3872 926 3951 sanguine,
949 3870 1028 3933 nihil
1051 3870 1168 3933 horum
1185 3870 1336 3947 defuisse,
1361 3876 1474 3955 quibus

249 3975 369 4037 doctor
399 3977 545 4055 gentium
578 3977 757 4057 legitimum
785 3978 952 4041 uiduitatis
976 3978 1124 4039 ordinem
1149 3977 1268 4059 legitur
1291 3980 1472 4043 instituisse.

249 4083 340 4145 cuius
364 4084 580 4145 reuerentiam
604 4093 638 4145 et
661 4084 866 4166 disciplinam
897 4086 1086 4147 describens
1110 4084 1288 4149 Timotheo
1316 4087 1472 4170 discipulo

249 4190 408 4272 praecipit
439 4190 568 4251 dicens:
601 4189 720 4251 uiduus
750 4190 888 4262 honoro,
919 4212 1000 4272 quae
1022 4212 1117 4253 uerae
1142 4192 1260 4254 rrz'c'irrae
1282 4206 1365 4258 sunt.
1395 4214 1473 4277 quac

248 4317 319 4358 uere
341 4295 442 4359 rrr'rluu
466 4307 513 4359 est
533 4307 563 4359 ct
584 4296 736 4369 desoluto,
760 4308 869 4378 sperat
891 4298 925 4358 in
945 4298 1059 4369 Demo,
1082 4310 1113 4361 et
1134 4300 1237 4361 z'ustat
1259 4300 1501 4365 obsecrationi-ss
1551 4286 1557 4396 ι

248 4403 305 4465 bus
333 4414 364 4465 rt
393 4405 589 4467 orationibus
620 4415 705 4465 nocte
735 4415 764 4465 ct
790 4405 850 4464 dri‘.
882 4405 983 4465 uidua
1006 4406 1146 4487 eligutur
1168 4429 1229 4467 uon
1254 4409 1362 4470 miuus
1383 4428 1467 4468 sexa·
