3167 5025
1249 303 1310 364 129
1346 263 1349 269 ’

66 483 207 562 quibus
232 483 325 544 iuxta
348 501 540 544 concessam
564 482 641 544 olim
665 481 756 545 Eliae
780 483 920 564 gratiam
944 481 1052 564 aquila
1074 481 1309 546 officiosissime

65 588 338 652 administrabat
370 588 564 652 alimoniam.
596 590 770 652 daemonia
799 610 932 671 quoque
956 611 975 653 a
997 591 1064 653 suis
1094 590 1226 653 sedibus
1256 590 1310 655 uel

64 700 143 760 iarn
176 695 316 778 expulsa
339 694 391 759 uel
414 697 562 779 protinus
586 697 629 761 ad
652 698 871 779 praesentiam
891 698 980 760 beati
994 699 1087 781 pueri
1102 696 1308 780 expellenda,

64 807 237 886 ignotum
262 804 369 868 adhuc
392 805 424 866 in
448 805 582 886 regione
606 803 660 866 illa
683 823 804 868 nomen
828 805 896 867 eius
911 805 1080 887 diuulgare
1095 804 1308 887 cogebantur,

48 933 156 978 scum
186 911 315 994 flagella
338 913 457 975 uirtute
481 913 666 976 orationum
689 913 790 996 ipsius
813 911 875 974 sibi
897 911 1020 975 inflicta
1042 911 1210 976 manifeste
1233 933 1307 976 con·

69 1021 271 1084 fiterentur:
302 1019 517 1102 quidnobis,
548 1021 711 1102 inquiunt,
743 1028 777 1081 et
801 1020 860 1082 tibi
887 1028 938 1082 est
960 1019 1058 1083 Vite?
1089 1020 1167 1102 quid
1190 1019 1308 1082 uenisti

70 1137 160 1192 ante
197 1137 327 1210 tempus
357 1135 510 1209 torquere
542 1126 623 1190 nos?
656 1136 688 1190 et
719 1149 796 1190 uere
826 1136 902 1191 ante
925 1138 1072 1210 tempus,
1102 1130 1178 1210 quia
1207 1128 1307 1210 longe

67 1237 166 1300 infra
200 1256 303 1300 annos
335 1246 481 1300 maturae
513 1237 640 1319 positus
673 1237 789 1299 aetatis
821 1244 890 1298 tam
922 1236 1054 1299 uiriliter
1086 1245 1219 1318 tamque
1250 1237 1307 1298 im·

68 1345 217 1426 periose
249 1345 327 1426 agis,
360 1350 563 1425 oquantum
586 1343 682 1406 nobis
705 1352 761 1406 tua
783 1343 839 1407 illa
860 1365 945 1426 quae
974 1345 1092 1408 dicitur
1114 1346 1307 1409 ‘innocentia

39 1477 59 1502 ιο
67 1460 192 1527 nocet,
217 1472 315 1534 quam
339 1450 597 1515 intolerabilibus
620 1471 681 1514 nos
704 1451 871 1535 suppliciis
894 1454 1043 1534 torquet!
1065 1453 1185 1517 talibus
1200 1452 1307 1538 prodi·

69 1561 137 1642 giis
178 1560 341 1623 excitatus
372 1558 471 1641 longe
503 1559 633 1641 lateque
665 1558 805 1643 populus
837 1567 942 1621 terrae
973 1561 1084 1643 coepit
1114 1560 1157 1624 ad
1187 1560 1306 1624 milites

69 1667 203 1732 Christi
233 1668 383 1730 certatim
418 1666 598 1743 confluere,
638 1675 670 1730 et
706 1688 725 1730 a
759 1665 921 1730 tirunculo
959 1666 1133 1749 spiritualis
1172 1668 1305 1733 militiae

72 1776 183 1840 beato
216 1775 296 1838 Vito
327 1775 482 1859 baptismi
513 1776 652 1857 gratiam
683 1775 909 1838 desideranter
940 1776 1117 1858 percipere.
1152 1775 1306 1840 affluebat

73 1885 170 1947 enim
202 1884 366 1965 stupenda
396 1885 490 1946 nimis
513 1885 545 1946 in
569 1883 626 1947 tali
649 1882 785 1966 puerulo
809 1883 978 1946 doctrinae
1005 1882 1154 1946 salutaris
1185 1883 1305 1947 exube-

44 2021 65 2059 15
76 1992 203 2065 rantia,
227 2011 312 2073 quae
337 1992 378 2054 ad
402 1990 622 2054 excolendum
645 1993 776 2074 pietatis
799 1991 939 2054 fructum
960 1991 1053 2054 arida
1076 1991 1245 2074 gentilium
1267 1992 1305 2053 ir·

78 2101 206 2182 rigaret
237 2100 346 2162 corda.
378 2119 478 2181 porro
510 2101 661 2182 antiquus
692 2099 744 2162 ille
771 2098 934 2162 humanae
957 2099 1070 2162 salutis
1100 2098 1304 2163 aduersarius

86 2207 261 2271 ardentiori
292 2227 354 2288 pro
384 2205 434 2270 bis
457 2207 579 2270 inuidia
601 2205 820 2270 inflammatus
844 2207 957 2270 circuit
980 2226 1157 2289 quaerens,
1188 2206 1305 2289 quibus

90 2335 154 2378 eum
180 2323 354 2396 expugnet
378 2313 549 2390 machinis,
579 2316 697 2397 quibus
719 2316 960 2378 sanctissimum
983 2316 1052 2378 eius
1075 2314 1304 2398 corpusculum

87 2421 207 2486 afficiat
234 2424 422 2499 tormentis,
453 2424 543 2486 cuius
573 2424 714 2486 animam
736 2422 832 2486 nullis
856 2414 1065 2506 corrumpere
1088 2424 1188 2487 ualuit
1210 2423 1303 2489 dolis

54 2532 192 2614 uitaque
209 2530 309 2594 filium
326 2531 521 2596 Diocletiani
536 2534 742 2615 imperatoris
757 2534 911 2616 peruasit,
936 2532 1056 2614 diuque
1072 2532 1162 2596 illum
1177 2551 1303 2596 uexans

87 2642 217 2703 tandem
250 2661 309 2722 per
340 2660 377 2703 os
410 2642 477 2703 eius
509 2640 722 2705 exclamauit:
753 2640 860 2705 nullus
891 2641 1077 2705 mortalium
1100 2659 1152 2703 me
1176 2641 1218 2704 ab
1241 2639 1303 2703 hac

93 2749 165 2809 sede
193 2750 315 2831 poterit
346 2748 538 2825 deturbare,
576 2750 637 2811 nisi
667 2749 765 2813 Vitus
796 2750 949 2814 Lucanus
981 2751 1213 2833 superueniens
1244 2768 1304 2813 sua

92 2857 322 2939 expugnauerit
345 2856 500 2918 oratione.
524 2856 614 2938 quod
639 2876 713 2919 cum
736 2858 916 2939 imperator
938 2858 1091 2933 audisset,
1115 2878 1153 2922 ac
1176 2878 1238 2941 pro
1260 2877 1301 2920 eo

87 2966 169 3045 quod
202 2966 335 3045 ignotus
367 2963 428 3025 sibi
459 2972 546 3026 esset
576 2963 694 3026 beatus
718 2964 831 3040 Vitus,
863 2966 995 3028 ubinam
1025 2966 1157 3047 reperiri
1188 2973 1302 3047 posset

51 3072 220 3135 2ssollicite
244 3080 500 3153 percontaretur,
523 3072 666 3134 daemon
689 3071 907 3154 subiungens:
938 3075 971 3136 in
993 3074 1167 3149 territorio,
1189 3074 1302 3155 inquit,

78 3180 286 3243 Anacritano
310 3179 498 3241 inuenietur.
531 3186 674 3241 armatos
698 3200 778 3261 ergo
802 3179 927 3243 milites
943 3181 1004 3243 sub
1027 3179 1234 3244 festinatione
1258 3181 1301 3244 ad

78 3288 289 3369 designatum
324 3286 434 3368 dirigit
468 3285 593 3363 locum,
627 3295 663 3349 ut
697 3287 900 3351 adducerent
934 3287 1031 3352 illum.
1065 3289 1120 3371 qui
1153 3298 1191 3352 ut
1224 3290 1301 3353 iussi

76 3391 207 3459 fuerant
231 3394 464 3470 abeuntesad
487 3396 691 3478 praedictum
714 3406 934 3479 peruenerunt
957 3396 1099 3473 fluuium,
1122 3398 1178 3459 ubi
1197 3397 1306 3461 solitis

76 3502 322 3567 incumbentem
355 3502 506 3586 precibus
528 3512 744 3585 reppererunt
768 3525 859 3580 eum,
890 3506 941 3568 cui
964 3513 998 3568 et
1021 3506 1191 3569 dixerunt:
1221 3513 1300 3569 tune

48 3634 111 3677 aes
137 3612 237 3674 Vitus
260 3610 435 3674 Lucanus?
466 3620 499 3674 et
522 3613 593 3694 ipse
616 3632 678 3675 nec
700 3615 873 3695 repentino
896 3612 1034 3677 militum
1065 3613 1208 3677 aduentu
1238 3634 1301 3678 nec

75 3738 245 3785 armorum
269 3720 424 3794 contuitu,
449 3726 484 3780 ut
507 3718 581 3781 talis
604 3718 689 3782 solet
709 3729 808 3795 aetas,
833 3722 1037 3795 conterritus,
1060 3740 1096 3783 se
1112 3739 1185 3784 esse
1201 3742 1308 3803 quem

74 3832 274 3910 quaererent
298 3826 442 3889 asseruit.
467 3834 500 3888 at
516 3825 560 3888 illi
583 3829 811 3909 praesentiam,
835 3828 990 3909 inquiunt,
1014 3835 1105 3891 tuam
1120 3830 1300 3913 imperator

75 3934 260 4008 desiderat,
292 3954 390 4015 quam
421 3955 482 4017 pro
506 3934 686 3997 imminenti
710 3935 853 4016 quadam
877 3937 1073 3999 necessitate
1096 3937 1157 4000 sibi
1181 3956 1299 4020 oppor-

43 4108 44 4111 ,
75 4052 192 4105 tunam
215 4042 375 4104 aestimat.
399 4042 516 4124 quibus
540 4062 621 4125 puer
643 4041 760 4105 beatus
783 4042 969 4125 respondit:
999 4063 1064 4127 ego
1086 4054 1155 4109 tam
1177 4045 1297 4108 inutilis

45 4176 67 4213 ss
77 4160 111 4213 et
142 4148 264 4229 fragilis
287 4150 457 4230 pueruluS,
488 4152 578 4214 cuius
601 4150 646 4213 rei
670 4152 777 4232 gratia
799 4159 911 4214 tantae
932 4138 1086 4235 dignitati
1107 4152 1223 4219 uideor
1244 4174 1297 4217 ne·

78 4254 258 4319 cassarius?
283 4265 316 4319 at
340 4255 382 4318 illi
407 4257 573 4321 dixerunt:
597 4257 679 4321 filius
703 4259 770 4322 eius
795 4260 939 4341 grauiter
960 4282 981 4324 a
1003 4262 1177 4325 daemonio
1199 4282 1297 4325 uexa-

60 4366 148 4438 tur,
177 4382 277 4443 quem
308 4372 365 4426 tuo
393 4364 598 4447 potissimum
623 4365 750 4428 liberari
771 4375 884 4449 sperat
901 4366 1049 4431 auxilio(
1067 4370 1168 4431 beato
1198 4369 1297 4451 igitur

78 4471 159 4541 Vito
175 4471 402 4562 imperatoriae
418 4469 573 4564 legationi
589 4482 752 4543 annuente
767 4476 830 4542 iter
844 4496 943 4566 agere
958 4484 1146 4566 coeperunt,
1161 4486 1296 4543 sanctus

1137 4598 1153 4653 9
