3167 5025
379 898 382 905 ‚
568 758 858 897 turonis
1091 893 1096 901 ι

152 928 255 1109 ue
289 1006 795 1109 suscirrauuo
841 1008 984 1129 uuo
1024 1009 1265 1137 Lissa

629 1258 788 1269 --.-.—

555 1458 871 1521 PRAEFATIO.

290 1670 469 1733 DOMINO
493 1670 553 1732 ET
577 1670 714 1735 PATRI
739 1669 1056 1735 AMANTISSIMO
1079 1672 1131 1735 W.

289 1857 415 1922 TVTO
446 1858 669 1924 FILIORVM
698 1859 891 1924 SVORVM
918 1859 1130 1924 VLTIMVS.

197 2110 297 2213 lnter
332 2145 498 2217 scholares
533 2145 721 2229 disciplinae
757 2156 887 2215 uestrae
922 2147 990 2211 alas
1025 2169 1045 2209 a
1067 2148 1181 2230 primo
1216 2147 1323 2212 adole·

97 2256 236 2317 scentiae
286 2274 378 2316 meae
425 2262 574 2337 tempore
621 2256 779 2322 enutritus
823 2264 857 2317 et
899 2262 1067 2335 tamquam
1113 2255 1173 2317 sub
1212 2256 1323 2337 Moysi

101 2364 214 2425 ducatu
260 2361 462 2445 periculosas
509 2361 628 2443 longae
667 2362 850 2425 solitudinis
893 2363 1128 2445 temptationes
1165 2361 1324 2427 hactenus

98 2478 266 2553 expertus.
285 2470 353 2532 ueri
371 2470 448 2550 Jesu
480 2470 619 2552 gratiam
647 2470 872 2533 desideranter
902 2478 1062 2552 expecto,
1095 2491 1161 2552 quo
1189 2471 1323 2536 tandem

53 2596 55 2602 ’
75 2578 241 2660 5perfecta
257 2578 359 2660 ipsius
375 2578 619 2641 circumcisione
634 2579 815 2642 mundatus
835 2578 876 2640 ab
893 2579 1046 2642 uniuerso
1061 2578 1213 2661 Aegypti
1229 2601 1323 2644 eruar

98 2686 283 2766 obprobrio.
316 2686 412 2748 uideo
445 2695 554 2748 autem
586 2685 777 2768 peruigilem
810 2695 943 2748 sanctae
975 2685 1162 2749 deuotionis
1192 2696 1322 2750 uestrae

102 2793 299 2868 instantiam,
331 2815 397 2874 qua
427 2794 470 2860 ad
495 2794 754 2856 consecrandum
779 2793 924 2856 Domino
947 2794 980 2856 in
1003 2794 1120 2856 eadem
1144 2793 1320 2856 solitudine
1380 2794 1382 2797 ’

104 2898 275 2981 spiritualis
295 2900 496 2963 tabernaculi
521 2898 643 2962 cultum
667 2900 786 2981 iugiter
808 2901 976 2975 insudatis,
1000 2921 1020 2962 a
1035 2921 1102 2981 quo
1126 2921 1186 2962 uos
1209 2901 1325 2973 labore,

97 3027 160 3069 nec
199 3007 308 3070 diutini
348 3008 499 3070 molestia
537 3007 703 3088 languoris
742 3027 803 3070 nec
838 3009 969 3090 pondus
1006 3009 1199 3090 praepedire
1234 3009 1322 3070 ualet

61 3147 85 3172 ιο
95 3116 280 3178 senectutis
305 3115 449 3178 admiror
473 3115 571 3178 etiarn
595 3115 782 3177 unanimem
805 3113 945 3178 filiorum
968 3124 1153 3182 uestrorum
1177 3115 1322 3179 alacrita-

94 3232 158 3284 tem
183 3223 226 3286 ad
252 3223 422 3304 sequenda
445 3224 547 3305 patris
572 3223 710 3303 uestigia
730 3223 877 3286 studiose
894 3221 1101 3286 anhelantem
1117 3233 1152 3289 et
1168 3215 1322 3307 copiosas

93 3329 165 3392 hinc
198 3331 275 3392 inde
307 3351 473 3413 expensas
498 3332 540 3394 ad
564 3331 767 3396 necessarios
790 3330 886 3393 huius
909 3330 1046 3396 aedificii
1070 3353 1147 3396 usus
1170 3333 1321 3396 certatim

92 3437 332 3500 conferentem·
358 3439 410 3512 alii
434 3439 519 3501 enim
546 3459 660 3502 aurum
685 3440 881 3521 sapientiae,
912 3439 964 3500 alii
990 3440 1130 3502 nitorem
1162 3439 1321 3502 exhibent

89 3546 318 3626 eloquentiae,
352 3548 406 3609 isti
437 3567 572 3610 coccum
604 3547 654 3610 bis
689 3549 827 3610 tinctum
860 3549 1009 3628 geminae
1042 3547 1243 3623 dilectioniS,
1278 3548 1328 3610 illi.

53 3684 75 3718 τε
86 3653 231 3734 byssum
263 3673 322 3734 per
352 3654 575 3736 integritatem
606 3655 720 3716 carnis
750 3664 826 3717 sunt
856 3655 910 3734 qui
934 3653 1149 3736 hyacinthum
1169 3655 1320 3731 offerant,
1388 3658 1392 3665 '

85 3762 145 3842 qui
178 3769 230 3822 est
262 3763 348 3823 aerei
379 3761 498 3824 coloris
529 3761 562 3823 in
593 3760 726 3824 caelesti
757 3761 910 3823 uidelicet
941 3763 1207 3836 conuersatione,
1241 3771 1317 3824 sunt

86 3870 191 3930 etiam
216 3869 271 3949 qui
295 3867 380 3950 pilos
404 3877 531 3931 tantum
555 3889 727 3951 caprarum
750 3870 783 3930 in
807 3867 896 3931 luctu
920 3867 1063 3932 habeant
1087 3870 1320 3951 paenitentiae:

86 3994 169 4038 nam
194 3995 294 4058 capra
317 3996 379 4057 pro
403 3977 548 4059 peccatis
573 3975 681 4038 offerri
705 3975 833 4038 solebat
857 3975 972 4038 hostia.

199 4082 266 4146 Sed
298 4084 521 4146 enumerando
553 4083 680 4165 singula
711 4086 817 4165 magis
849 4105 887 4146 ac
918 4085 1023 4165 magis
1053 4105 1126 4146 mea
1149 4092 1320 4164 torquetur

56 4218 79 4242 20
90 4191 294 4252 conscientia
324 4190 374 4252 his
408 4191 543 4274 aliisque
577 4191 673 4254 bonis
708 4211 813 4254 uacua
847 4201 881 4253 et
916 4193 1039 4254 utinam
1070 4211 1138 4253 non
1168 4191 1320 4254 omnibus

91 4295 187 4358 malis
218 4296 323 4379 plena.
348 4307 381 4360 et
405 4300 483 4380 quid
507 4297 644 4371 faciam?
675 4300 833 4380 numquid
863 4300 947 4360 inter
978 4298 1153 4360 offerentes
1185 4299 1319 4360 omnino

204 4435 241 4488 16.
262 4440 324 4490 aerii
342 4441 390 4490 cod.

1162 4523 1172 4558 r
