3167 5025
1293 222 1327 269 11

91 404 217 465 auditu
240 403 413 479 diceretur,
438 404 536 466 etiam
560 405 676 485 iniquis
700 405 855 487 operibus
879 406 1041 472 cruciatus
1064 404 1226 476 asseritur,
1251 404 1336 483 quia,

91 513 180 573 dum
207 510 294 571 mala
318 532 404 591 quae
429 514 498 575 uisu
523 521 556 573 et
580 512 692 574 auditu
717 511 918 575 abhorrebat
942 512 1105 591 corrigere
1129 530 1195 572 non
1212 519 1336 592 posset,

91 617 170 679 zelo
188 596 338 698 grauiter
361 619 582 684 cruciabatur!
607 620 661 701 qui
685 621 747 681 etsi
764 619 991 682 deficientibus
1008 628 1163 701 exparte
1181 619 1336 679 uirtutum

91 725 319 807 apparatibus
351 726 394 787 ad
418 725 598 807 perfectam
629 727 715 789 illam
745 728 989 809 susceptionem
1020 735 1055 789 et
1085 726 1226 787 conuiuii
1257 724 1337 787 cele·

69 833 298 907 sbrationem,
323 852 407 913 quae
430 834 463 895 in
479 832 651 900 Abraham
676 835 934 909 commendatur,
957 832 1105 895 sufficere
1128 852 1196 893 non
1219 833 1337 913 potuit,

98 940 190 1000 miris
222 948 339 1001 tamen
371 949 404 1001 et
435 940 545 1003 multis
576 942 767 1003 meritorum
799 940 956 1021 gradibus
987 949 1121 1003 nostrae
1152 938 1336 1019 fragilitatis

103 1056 210 1109 metas
242 1048 396 1109 excessit.
421 1068 497 1111 nam
521 1069 582 1111 nec
607 1050 726 1111 ueteris
750 1068 811 1110 nec
838 1050 916 1111 noui
939 1048 1128 1110 testamenti
1152 1047 1337 1129 praeceptis

101 1156 292 1228 asstrictuS,
324 1155 356 1217 in
387 1156 497 1218 medio
520 1157 629 1236 gentis
652 1157 864 1238 peccatriciS,
894 1155 986 1219 cuius
1016 1155 1140 1217 clamor
1168 1174 1271 1235 usque
1295 1154 1336 1222 ad

98 1262 231 1323 caelum
242 1271 447 1344 peruenerat,
459 1264 600 1339 iustitiae
611 1265 776 1327 tramitem
787 1262 1058 1326 indeclinabiliter
1069 1272 1120 1324 est
1133 1271 1337 1343 prosecutus,

62 1396 87 1421 ιο
212 1370 285 1433 Nos
320 1391 399 1431 uero
433 1381 570 1433 econtra
604 1373 636 1433 in
671 1373 782 1434 medio
821 1370 979 1433 ecclesiae
1014 1370 1113 1452 positi
1148 1378 1337 1431 sanctorum

100 1476 270 1557 exemplis
286 1478 429 1557 undique
446 1480 560 1541 muniti
577 1498 688 1540 sumus
705 1488 738 1540 et
755 1486 865 1541 tamen
891 1486 1084 1558 contempta
1107 1476 1337 1539 mandatorum

98 1584 219 1665 regula
243 1585 344 1645 noxie
369 1586 515 1647 uiuimus
539 1587 651 1666 itaque
676 1586 926 1647 considerantes
943 1584 1092 1664 obsequii
1108 1583 1177 1644 eius
1194 1584 1338 1657 modum,

99 1711 170 1771 quo
195 1692 378 1753 aduentum
402 1701 435 1753 et
459 1693 679 1755 uisitationem
696 1694 863 1773 suscipere
880 1691 997 1753 meruit
1013 1690 1215 1770 angelorum,
1239 1692 1339 1753 deuo·

99 1800 203 1860 tionis
227 1800 298 1861 eius
321 1800 503 1863 imitatione
527 1802 569 1862 ad
594 1801 839 1883 suscipiendum
863 1801 1060 1862 instruamur
1088 1800 1195 1879 ipsum
1225 1818 1339 1878 regem

61 1941 87 1977 15
100 1906 310 1987 angelorum.
343 1917 496 1969 ueozemmt
524 1908 587 1969 dria
619 1906 729 1988 angeli
752 1906 925 1969 Sodomam
956 1917 1081 1986 uespere
1110 1905 1235 1967 sedeate
1257 1904 1339 1967 Lam

99 2016 136 2075 iu
152 2014 289 2095 fom‘bm
304 2014 455 2077 ciuitatis
479 2036 650 2096 quoscum
675 2015 816 2087 aedisset,
839 2014 983 2076 sarmati
1004 2013 1131 2075 obmam
1153 2013 1200 2073 eis
1223 2013 1338 2075 odora·

101 2122 211 2202 aitque
235 2134 364 2203 pronus
393 2124 427 2183 in
459 2132 578 2185 temam
601 2133 632 2184 et
653 2122 759 2185 crixz't:
789 2122 927 2193 obsecro,
954 2120 1093 2191 domam,
1122 2119 1338 2182 declinatam

105 2228 235 2289 domum
252 2229 354 2309 pueri
375 2230 480 2302 aestm',
504 2241 534 2291 et
556 2240 678 2293 manete
701 2229 765 2291 zoi:
795 2229 904 2291 lauate
919 2227 1019 2309 pedes
1042 2237 1170 2299 uestros,
1193 2237 1224 2289 et
1245 2248 1340 2288 mane

104 2335 356 2417 prqicascemmi
368 2336 403 2397 m
419 2337 508 2399 rozam
525 2347 672 2399 uestram.
690 2337 748 2418 qm'
761 2335 932 2398 diarmait:
956 2335 1094 2406 mmime,
1110 2334 1169 2396 sod
1181 2334 1215 2395 m
1226 2334 1339 2415 platea

71 2442 313 2519 mmanobimus
345 2444 499 2526 compulit
520 2442 594 2506 illos
616 2443 739 2526 oppido,
771 2454 807 2505 at
829 2441 1020 2505 diuerterent
1041 2441 1090 2503 ad
1109 2463 1179 2503 mm
1189 2464 1199 2502 :
1223 2442 1339 2524 ingres-

103 2550 213 2632 sisque
236 2551 366 2613 domum
391 2551 483 2612 illius
497 2551 582 2632 serit
604 2551 796 2622 conuiuium,
828 2551 916 2612 caat
937 2551 1056 2622 arima,
1078 2560 1110 2612 et
1131 2550 1339 2612 comederant.

111 2659 204 2736 quod
242 2679 340 2741 supra
378 2660 410 2722 in
442 2658 614 2722 Abraham
650 2659 914 2733 obseruauimus,
948 2658 1025 2739 quia
1059 2657 1183 2720 scilicet
1219 2659 1339 2719 ostium

113 2763 309 2828 tabernaculi
334 2766 468 2829 sedulus
492 2767 735 2849 contemplator
758 2787 797 2828 ac
821 2774 995 2849 promptus
1019 2763 1187 2847 hospitum
1211 2786 1341 2847 suscep·

114 2878 170 2931 tor
194 2869 361 2948 obsederit,
384 2873 472 2935 idem
497 2882 531 2935 et
555 2873 596 2936 de
613 2871 703 2934 Loth
730 2872 892 2954 scriptura
914 2872 1010 2934 nobis
1033 2870 1086 2941 hic
1109 2872 1239 2934 indicat.
1264 2873 1341 2952 quia

70 3008 97 3044 25
110 2997 194 3038 uero
210 2975 398 3042 Sodomitae
416 2999 435 3042 a
450 2979 570 3043 lumine
595 2977 783 3042 defecerant
807 2979 961 3052 ueritatis
986 2999 1027 3040 eo
1043 2988 1194 3060 tempore
1211 2979 1339 3042 uenisse

106 3084 260 3147 dicuntur
283 3085 401 3168 angeli,
426 3086 516 3168 quod
541 3086 714 3148 occidente
738 3085 809 3148 sole
832 3086 1001 3148 nocturnis
1025 3086 1090 3146 iam
1114 3085 1340 3167 occupabatur

105 3191 259 3254 tenebris,
291 3212 439 3274 moxque
470 3201 662 3274 assurgente
686 3191 775 3254 Loth
806 3191 971 3254 humiliter
1002 3192 1188 3266 adorantur,
1215 3193 1339 3256 deuote

106 3300 296 3374 innitantur,
321 3309 495 3363 renuentes
519 3302 695 3363 damnatae
711 3299 800 3362 urbis
824 3301 954 3362 moenia
977 3299 1085 3362 subire
1108 3300 1251 3380 quadam
1275 3302 1340 3382 pie·

106 3407 184 3467 tatis
217 3406 375 3469 uiolentia
410 3407 658 3489 compelluntur.
695 3407 750 3472 ubi
785 3407 1062 3471 considerandum
1093 3406 1171 3469 mihi
1202 3409 1340 3482 uidetur,

66 3513 266 3594 30quidnam
297 3515 348 3590 sit,
380 3515 470 3596 quod
502 3515 590 3577 idem
614 3514 723 3596 angeli
754 3515 797 3578 ad
828 3535 903 3577 eum
932 3515 1060 3596 ingredi
1083 3513 1256 3576 noluerant
1279 3517 1340 3577 nisi

104 3630 315 3702 cogerentur,
346 3624 401 3703 qui
425 3623 466 3686 ad
490 3622 554 3687 hoc
578 3623 685 3705 ipsum
709 3632 876 3697 uenerant,
899 3630 935 3683 ut
959 3623 1001 3684 ab
1025 3642 1066 3683 eo
1090 3623 1340 3703 susciperentur.

103 3729 148 3790 ad
185 3730 392 3810 ereptionem
427 3731 496 3791 eius
532 3739 653 3804 assunt,
688 3738 721 3792 et
756 3739 868 3792 tamen
898 3749 1075 3811 parumper
1099 3728 1340 3792 dissimulantes

104 3837 201 3916 quasi
233 3838 300 3899 uim
331 3837 400 3918 pati
431 3836 553 3899 uolunt.
585 3837 617 3897 in
649 3857 715 3917 quo
740 3845 773 3898 et
795 3836 971 3918 probatam
996 3837 1096 3917 ipsius
1126 3837 1339 3900 deuotionem

105 3943 287 4018 declarant,
320 3964 418 4024 quem
443 3944 484 4006 ad
509 3944 732 4026 impendenda
755 3943 987 4025 hospitalitatis
1012 3943 1120 4005 officia
1143 3964 1210 4005 non
1233 3945 1339 4005 solum

68 4080 95 4116 35
106 4059 262 4133 paratum
286 4051 345 4112 sed
369 4060 402 4112 et
427 4051 606 4113 uiolentum
631 4051 819 4124 ostendunt,
844 4050 941 4112 nobis
958 4072 1037 4112 uero
1054 4052 1201 4113 eiusdem
1221 4051 1340 4113 uiolen-

106 4162 170 4222 tiae
197 4158 391 4239 exemplum
415 4160 562 4221 studiose
586 4158 779 4220 imitandum
804 4168 1002 4240 proponunt.

216 4263 381 4345 Equidem
412 4266 454 4328 de
486 4264 669 4347 hospitibus
694 4265 909 4346 suscipiendis
932 4265 983 4326 uel
1007 4267 1126 4347 potius,
1150 4273 1185 4326 ut
1209 4264 1340 4349 suscipi·

217 4417 260 4456 21.
281 4407 345 4456 Gen.
370 4420 408 4474 19,
433 4419 506 4470 1—-3.
