3167 5025
1255 250 1313 312 ¹13

78 429 233 492 cioribus
254 428 507 504 satisfaciamus
538 428 706 509 aliquanto
729 428 931 492 manifestius
959 430 1117 492 offerendi
1140 433 1315 513 septenarii

79 539 251 600 rationem
281 556 514 619 proponamus.
545 537 727 598 inuenimus
757 537 922 617 quendam
952 539 1103 601 uitiorum
1128 537 1315 619 catalogum

78 646 150 707 sub
181 643 247 708 hoc
278 665 416 706 numero
446 645 717 719 determinatum,
746 643 924 707 Salomone
949 645 1044 708 nobis
1067 647 1315 708 demonstrante

80 754 143 815 ubi
168 754 229 815 ait:
252 773 310 814 sex
327 762 405 814 sum
418 773 500 834 quae
513 751 585 813 adit
597 751 764 823 Dominus,
787 752 999 833 etseptimum
1015 753 1190 816 detestatur
1202 754 1315 816 anima

61 863 174 922 seties:
204 859 311 922 oculos
332 859 499 933 sublz'rnes,
522 859 670 941 liugnam
692 858 892 932 mendacem,
916 881 1033 923 manus
1054 859 1248 943 effundentes
1270 862 1315 922 in·

85 968 224 1030 noxium
254 967 460 1049 sanguinem,
490 988 545 1028 car
565 966 759 1029 naachinans
788 967 994 1049 cogitatianes
1016 968 1192 1049 pessimas,
1218 968 1316 1049 pedes

82 1075 210 1138 ueloces
239 1075 289 1136 ad
314 1074 506 1136 cunaldum
534 1075 570 1136 in
599 1072 740 1146 malum,
764 1077 980 1156 proflantem
1009 1075 1178 1138 mendacia
1207 1087 1315 1140 testem

73 1184 253 1265 fallacem,
275 1194 307 1245 ct
325 1203 398 1246 eum
419 1183 479 1265 qui
497 1184 638 1245 semmai
658 1182 742 1246 inter
755 1186 883 1264 fratres
905 1183 1110 1246 discordiam.
1146 1184 1315 1248 oculorum

81 1313 169 1374 ergo
195 1290 391 1354 extollentia
412 1311 473 1374 per
489 1291 680 1354 humilitatis
702 1293 857 1354 uirtutem
881 1291 1019 1368 deiecta,
1043 1313 1117 1354 cum
1140 1293 1315 1375 publicano

49 1401 158 1475 ¹0il10,
192 1401 247 1481 qui
277 1399 412 1462 nolebat
434 1420 496 1462 nec
520 1399 634 1462 oculos
658 1401 700 1462 ad
724 1399 850 1463 caelum
874 1399 999 1474 leuare,
1031 1419 1129 1480 quam
1153 1399 1317 1465 humiliter

79 1510 284 1582 sentiamus,
316 1509 415 1570 etiam
446 1509 479 1570 in
510 1508 665 1570 exteriori
696 1506 810 1570 habitu
834 1507 1061 1570 demonstrare
1085 1529 1251 1586 curemus,
1282 1519 1316 1572 et

79 1618 126 1679 sit
148 1616 236 1678 haec
259 1617 352 1696 quasi
375 1617 587 1698 primogeniti
609 1615 713 1677 nostri
736 1614 869 1678 oblatio
894 1617 920 1676 si
937 1635 1016 1677 uero
1032 1616 1176 1698 linguam
1193 1638 1212 1678 a
1228 1617 1316 1679 malo

78 1723 303 1808 prohibentes
326 1725 497 1785 ueritatem
521 1723 712 1805 diligamuS,
735 1722 874 1784 alterum
897 1743 959 1786 nos
982 1722 1081 1785 filium
1105 1724 1137 1785 in
1161 1743 1218 1788 ara
1240 1725 1316 1789 fidei

79 1831 247 1894 obtulisse
272 1832 483 1912 gaudeamus.
515 1831 612 1891 tertia
634 1837 767 1892 nostrae
791 1830 977 1892 deuotionis
1001 1829 1083 1893 haec
1107 1831 1168 1893 erit
1198 1830 1316 1908 hostia,

45 1965 71 1999 ιε
82 1943 109 2001 si
143 1959 215 2002 non
247 1947 374 2000 tantum
406 1938 448 2001 ab
480 1938 638 2000 effusione
669 1938 795 1999 innoxii
826 1939 992 2020 sanguinis
1024 1940 1083 2000 sed
1113 1959 1132 2000 a
1160 1941 1315 2020 contagio

84 2050 189 2110 totius
222 2047 401 2126 iniquitatis
430 2065 548 2107 manus
575 2046 781 2108 continentes
806 2046 910 2126 magis
934 2046 966 2106 in
990 2045 1144 2128 operibus
1175 2047 1316 2109 iustitiae

88 2157 154 2218 illas
179 2174 405 2217 exerceamus
435 2155 556 2217 deinde
579 2174 621 2214 ne
645 2162 797 2234 quartum
821 2153 906 2215 desit
930 2153 1137 2228 sacrificium,
1164 2162 1316 2236 petamus

93 2265 202 2326 aDeo
227 2283 302 2326 cum
325 2262 500 2345 propheta,
523 2269 559 2322 ut
582 2281 641 2323 cor
663 2262 820 2323 mundum
845 2281 955 2323 creare
979 2261 1134 2342 dignetur
1156 2263 1188 2324 in
1212 2263 1315 2339 nobis,

92 2371 325 2434 immolandum
361 2369 423 2432 sibi
457 2371 502 2431 in·
524 2369 662 2432 odorem
700 2370 886 2444 suauitatis,
925 2377 1049 2431 statuat
1083 2370 1182 2432 etiam
1217 2391 1316 2452 supra

60 2490 217 2565 2⁰petram
241 2477 345 2561 pedes
368 2488 502 2541 nostros
525 2488 560 2542 et
583 2479 703 2559 dirigat
726 2497 867 2559 gressus,
891 2497 932 2539 ne
949 2476 1041 2540 facile
1065 2486 1316 2560 retorqueantur

88 2592 130 2652 ad
147 2588 344 2651 currendum
360 2588 394 2648 in
409 2587 540 2662 malum,
562 2588 700 2669 ipsaque
716 2586 893 2649 stabilitate
916 2596 1029 2650 nostra
1043 2586 1132 2649 uelut
1148 2587 1315 2649 oblatione

93 2698 204 2776 quinta
226 2694 416 2757 honoretur.
441 2714 651 2777 summopere
667 2703 778 2756 autem
796 2694 989 2770 cauendum,
1012 2714 1053 2756 nc
1069 2693 1185 2757 salsum
1201 2702 1317 2757 contra

98 2823 290 2885 quemquam
313 2800 543 2883 perhibeamus
559 2804 792 2877 testimonium,
817 2803 875 2864 scd
893 2804 934 2864 ad
951 2804 1167 2865 imitationem
1183 2803 1316 2863 testium

97 2909 219 2987 Christi,
235 2929 375 2991 quorum
392 2908 562 2971 sollemnia
578 2910 723 2984 colimus
747 2930 809 2992 pro
826 2910 971 2972 ueritatis
988 2911 1200 2971 attestatione
1217 2910 1316 2971 etiam

60 3020 171 3080 emori
203 3028 372 3100 optemus;
405 3018 517 3097 sicque
549 3026 646 3079 sexto
678 2996 753 3079 locd
777 3016 1015 3099 acceptabilem
1039 3016 1180 3080 hostiam
1204 3018 1316 3079 immo·

86 3127 236 3189 labimus
275 3125 418 3205 denique
449 3132 564 3186 contra
594 3124 824 3187 detestabilem
856 3124 945 3189 illum
977 3126 1031 3205 qui
1063 3125 1202 3186 seminat
1233 3126 1317 3185 inter

86 3235 206 3297 fratres
230 3232 444 3306 discordiam,
476 3241 664 3294 sanctorum
687 3232 823 3295 fratrum
847 3234 983 3294 istorum
1007 3233 1196 3314 oppositam
1219 3230 1316 3294 habe·

86 3363 162 3404 mus
187 3340 415 3415 concordiam,
445 3341 535 3402 cuius
559 3340 748 3422 exemplum
772 3347 948 3421 sequentes
978 3337 1199 3422 septemplicis
1223 3341 1316 3401 sacri·

87 3450 152 3513 licii
185 3448 419 3531 perfectionem
451 3465 671 3527 assequemur.
702 3446 752 3509 his
776 3448 862 3510 enim
887 3467 985 3529 quarn
1013 3447 1136 3509 bonum
1160 3454 1193 3508 et
1217 3467 1316 3527 quam

54 3584 78 3619 ³0
87 3557 267 3620 iucundum
291 3557 397 3617 uisum
420 3553 515 3615 suerit
538 3552 686 3617 habitare
710 3556 742 3617 in
766 3575 881 3630 unum,
907 3554 983 3617 hinc
1007 3552 1178 3616 manifeste
1202 3556 1316 3637 patuit,

88 3667 168 3747 quia
198 3672 232 3725 et
262 3664 294 3725 in
325 3662 482 3744 religione
514 3669 648 3723 sanctae
679 3662 937 3724 conuersationis
970 3662 1138 3723 unanimes
1162 3661 1317 3724 uixerunt

89 3783 124 3835 et
144 3774 181 3834 in
204 3771 486 3833 consummatione
511 3770 675 3850 pretiosae
699 3770 815 3831 mortis
837 3767 1071 3850 inseparabiles
1094 3769 1315 3851 perstiterunt.

197 3879 297 3941 Vnde
321 3879 581 3941 animaduertere
604 3875 700 3952 libet,
731 3898 831 3958 quam
855 3876 1029 3939 artificiosa
1053 3876 1230 3940 calliditate
1253 3896 1316 3939 ser·

92 4007 174 4071 pens
198 3987 350 4066 antiquus
373 4005 434 4067 per
456 3985 623 4047 ministros
645 3984 808 4065 nequitiae
832 4004 910 4046 suae
934 3984 1167 4060 decertauerit,
1199 3984 1226 4047 si
1250 4004 1315 4065 quo

61 4093 195 4157 amodo
218 4093 411 4155 societatem
434 4093 566 4174 spiritus
590 4112 657 4173 quo
674 4092 753 4153 uniti
769 4099 863 4152 erant
880 4091 1030 4154 dirimere
1046 4092 1215 4174 potuisset.
1240 4090 1317 4170 quia

95 4204 179 4265 enim
210 4201 298 4263 idem
326 4201 396 4282 ipse
420 4202 512 4281 quasi
536 4200 583 4262 leo
606 4200 734 4282 nigrans
757 4199 872 4261 cz'rcuz't
893 4220 1046 4281 quaerens
1068 4219 1158 4281 quem
1182 4190 1315 4270 deuoret,

199 4359 224 4405 4.
245 4345 319 4392 Prou.
341 4339 371 4405 ὁ,
401 4340 432 4391 16
451 4361 506 4409 sqq.
526 4372 561 4380 -
583 4342 622 4393 18.
642 4344 682 4392 Ps.
705 4354 752 4407 50,
781 4355 820 4392 12.
840 4370 875 4378 -
894 4355 936 4391 20.
956 4344 996 4391 Ps.
1023 4354 1072 4407 39,
1098 4353 1121 4402 3.
1146 4368 1181 4376 -
1207 4352 1249 4401 30.
1275 4340 1314 4387 Ps.

101 4447 154 4499 132,
177 4446 199 4483 1.
218 4460 254 4468 -
273 4428 315 4493 36.
335 4432 355 4480 1.
376 4433 443 4481 Petr.
464 4442 486 4495 5,
507 4431 532 4481 8.

1156 4516 1171 4565 8
