3167 5025
312 254 355 300 20

311 438 432 517 scripta
457 435 677 517 perhibentur.
694 449 785 499 ·'cum
810 441 961 520 primum·
976 440 1078 522 legati
1103 442 1190 522 regis
1214 440 1313 504 Balac
1337 442 1521 503 diuinationis
1559 441 1560 522 l

311 546 452 625 pretium
478 545 510 607 in
534 546 685 609 manibus
710 557 883 628 portantes
906 550 948 610 ad
973 548 1109 611 Balaam
1134 550 1310 623 uenissent,
1334 559 1368 610 ut
1390 546 1469 610 bunc
1490 552 1520 610 ad

310 652 556 715 maledicendos
581 652 665 715 filios
689 653 788 716 lsrael
813 656 1052 729 conducerent,
1082 655 1135 719 ille
1158 658 1230 719 uiso
1254 656 1447 738 cupiditatis
1459 678 1521 716 suae

308 760 445 841 negotio
470 780 602 821 manere
627 782 684 823 eos
709 782 821 823 secum
845 765 990 843 rogauit,
1018 764 1126 826 donec
1150 764 1286 837 uideret,
1311 764 1386 843 quid
1409 783 1522 844 respon·

309 868 402 928 deret
426 868 455 927 ei
480 866 578 928 Deus,
605 886 737 929 manere
762 871 851 950 apud
875 890 910 931 se
934 870 1045 931 Deum
1068 889 1137 932 non
1160 871 1291 944 inuitat,
1319 870 1406 931 cuius
1429 879 1538 929 tamen2

308 994 470 1055 responsa
499 983 673 1055 expectat,
706 977 760 1055 qui
788 978 993 1037 mansionem
1018 975 1205 1039 hominibus
1231 985 1343 1058 parat,
1373 998 1392 1036 a
1423 975 1521 1055 quibus

308 1081 517 1142 diuinationis
553 1082 694 1162 pretium
731 1091 859 1162 sperat;
898 1082 1027 1144 illorum
1062 1084 1257 1163 petitionem
1289 1084 1437 1164 suscipit,
1472 1081 1520 1142 Dei

309 1189 486 1249 iussionem
512 1189 700 1249 contemnit.
726 1189 815 1249 uenit
839 1190 925 1251 enim
949 1190 992 1251 ad
1017 1210 1092 1251 eum
1116 1190 1207 1251 Deus
1231 1199 1264 1251 et
1288 1191 1372 1251 dixit
1396 1189 1437 1249 ei:
1459 1187 1522 1267 quii

307 1294 371 1355 sibi
392 1294 504 1355 uolrmt
526 1292 668 1355 hoanz'nes
691 1294 748 1355 isti
768 1294 861 1375 apud
881 1297 933 1356 te?
955 1316 1023 1356 non
1039 1294 1146 1357 solum
1165 1298 1276 1359 uenire
1297 1296 1454 1376 dignatur,
1474 1295 1518 1354 sed

308 1410 341 1462 et
365 1401 455 1483 prior
477 1401 602 1481 negotii
626 1421 758 1462 eausam
783 1410 1005 1481 percontatur,
1031 1422 1098 1481 quo
1122 1402 1164 1462 ad
1190 1405 1392 1484 agnitionem
1416 1411 1447 1462 et
1462 1421 1528 1462 con·l

308 1509 483 1571 sessionem
514 1509 630 1590 culpae
662 1529 736 1570 reus
768 1531 813 1571 ex
845 1512 917 1591 ipsa
946 1510 1156 1590 requisitione
1181 1521 1391 1593 prouocetur.·
1421 1509 1517 1589 repetit

308 1618 477 1697 antiquum
509 1618 640 1697 pietatis
672 1636 749 1679 suae
782 1637 867 1698 opus
899 1618 1085 1679 misericors
1116 1628 1148 1679 et
1173 1621 1346 1682 miserator
1368 1616 1516 1679 Dominus

307 1725 400 1804 quasi
432 1722 646 1785 deambulans
679 1724 711 1783 in
735 1724 899 1803 paradiso
932 1734 964 1784 et
997 1726 1182 1804 peccatoris
1205 1728 1372 1807 requirens
1396 1722 1514 1784 latebras

307 1852 346 1893 ac
369 1831 500 1892 dicens:
525 1830 638 1891 Adam
662 1830 718 1892 ula·
738 1832 795 1891 ess*
824 1810 883 1891 sed
908 1839 1025 1893 neuter
1049 1831 1091 1892 ad
1115 1834 1336 1912 paenitentiae
1360 1828 1510 1893 remedium

307 1936 462 2017 confugit.
487 1935 539 1998 hic
564 1945 675 1999 tamen
692 1938 848 2018 exposita
863 1936 1037 2016 legationis
1062 1958 1162 2001 causa
1185 1939 1420 2003 maledictionis
1443 1936 1527 1995 intere

306 2046 429 2107 dictum
454 2045 590 2125 accepit,
617 2065 656 2105 eo
680 2044 770 2123 quod
795 2042 946 2125 populus
971 2045 1012 2105 ad
1037 2065 1136 2125 quem
1160 2047 1419 2111 maledicendum
1441 2056 1510 2101 noea·

305 2153 410 2225 batur,
428 2151 620 2213 benedictus
637 2150 739 2211 fuerit.
765 2161 798 2211 et
814 2152 891 2230 quia
908 2171 975 2211 non
992 2150 1120 2226 licebat,
1145 2157 1235 2233 quod
1252 2154 1383 2226 libebat,
1405 2146 1513 2212 nuntios

306 2260 439 2339 quidem
463 2259 532 2321 sine
557 2259 724 2341 petitionis
746 2278 825 2319 suae
849 2257 968 2319 effectu
985 2260 1117 2330 remisit,
1142 2265 1295 2343 propriae
1319 2272 1425 2323 tamen
1446 2250 1514 2331 cupi·

306 2368 418 2429 ditatis
449 2365 604 2429 affectum
636 2385 702 2427 non
734 2366 864 2427 dimisit.
896 2384 974 2425 nam
997 2386 1071 2427 cum
1095 2366 1195 2429 Balac
1219 2390 1346 2433 rursum
1370 2365 1467 2449 plures
1488 2365 1513 2415 et
1559 2405 1561 2478 p

307 2473 484 2538 nobiliores
514 2473 642 2556 legatos
670 2474 713 2536 ad
738 2494 813 2536 eum
837 2474 1013 2536 direxisset
1037 2481 1070 2535 et
1093 2474 1287 2556 ampliorem
1311 2476 1355 2538 illi
1378 2474 1535 2536 honorem

304 2585 557 2666 spopondisset,
595 2585 712 2644 iterum
744 2583 771 2643 si
795 2579 863 2642 fieri
898 2590 1022 2662 posset,
1057 2583 1147 2661 quod
1182 2584 1383 2664 prohibitum
1412 2576 1511 2637 suerat·

304 2690 506 2774 temptabat;
542 2693 587 2753 ait
622 2692 708 2752 enim
743 2690 880 2752 nuntiis:
916 2688 1037 2749 obsecro
1072 2710 1148 2764 uos,
1184 2701 1315 2755 manete
1350 2689 1400 2751 lu'c
1430 2681 1510 2744 eriam

306 2807 393 2860 tracte
415 2798 484 2860 linc.

411 2905 560 2968 Tandem
586 2914 621 2966 ut
646 2903 837 2986 impleretur
860 2903 933 2978 hoc,
957 2905 1047 2984 quod
1071 2905 1141 2986 ipse
1165 2906 1328 2971 Dominus
1351 2896 1509 2967 terribiliter

303 3023 508 3076 contestatur
532 3014 661 3074 dicens:
693 3013 808 3074 dimisi
828 3033 879 3073 eos
901 3013 1073 3074 secrmdmn
1097 3013 1258 3078 desideriis
1282 3013 1387 3078 corda·
1407 3015 1523 3068 ευνιινι.Ἣ
1557 3036 1558 3079 l

302 3122 393 3183 ibmzl
407 3122 441 3182 iu
457 3121 738 3184 adclamationibus
753 3120 830 3192 suis,
855 3121 900 3180 ait
923 3119 982 3181 illi:
1006 3120 1039 3181 si
1051 3141 1165 3183 uocare
1181 3133 1210 3184 te
1225 3110 1506 3185 mammillatum
1557 3098 1558 3145 l

302 3224 365 3302 uti,
389 3251 484 3311 satage
506 3240 536 3290 et
558 3229 642 3306 riade
665 3249 736 3290 cum
760 3229 814 3299 eis,
838 3228 886 3289 ita
910 3227 1091 3300 dumtaxat,
1116 3240 1152 3290 ut
1167 3232 1254 3310 qtrod
1273 3229 1333 3294 tibi
1346 3230 1508 3309 praieupc'tl

294 3337 416 3417 sacrus.
449 3338 508 3400 sed
540 3346 574 3399 ut
600 3336 805 3417 intelligeret,
829 3336 994 3398 licentiam
1017 3336 1102 3398 hanc
1125 3358 1192 3398 non
1216 3339 1356 3401 iubentis
1380 3331 1436 3393 sed
1459 3338 1508 3405 per·
1556 3396 1557 3415 ἱ

302 3444 461 3506 mittentis
485 3452 518 3506 et
542 3445 712 3506 irascentis
729 3463 811 3517 esse,
835 3443 989 3523 angelum
1005 3445 1038 3505 in
1054 3444 1107 3504 uia
1123 3447 1298 3525 euaginato
1315 3441 1506 3507 obsistentem

301 3551 361 3612 sibi
385 3550 497 3631 gladio
521 3551 654 3624 inuenit,
678 3560 713 3611 ut
737 3569 812 3612 sero
836 3548 953 3618 saltem
978 3550 1019 3612 ab
1044 3550 1177 3631 incepto
1193 3552 1355 3614 desistens
1371 3529 1525 3627 praeuarit'

302 3666 395 3720 cator
411 3658 453 3720 ad
471 3679 528 3720 cor
552 3659 675 3730 redeat,
699 3667 732 3718 et
757 3658 879 3718 totiens
902 3657 1068 3737 repulsum
1092 3659 1279 3738 cupiditatis
1303 3677 1379 3720 suae
1402 3658 1510 3718 correp·

294 3774 410 3862 'torem
454 3774 640 3846 gratanter.
666 3765 844 3846 aliquando
886 3765 1050 3846 suscipiat.
1089 3765 1159 3844 ipse
1195 3776 1307 3830 tamen
1340 3755 1511 3829 contempta

301 3873 519 3952 correptione,
552 3882 675 3954 coepto
704 3872 860 3934 audaciae
894 3873 1017 3952 impetu
1051 3871 1143 3950 quasi
1175 3894 1279 3952 equus
1311 3865 1436 3933 effrenis
1465 3867 1511 3935 per

302 3980 480 4058 iniquitatis
512 3981 636 4061 rapitur
668 3976 816 4060 abrupta
849 3997 925 4039 nam
950 3997 1024 4038 cum
1055 3979 1266 4058 peruenisset,
1297 3996 1362 4058 quo
1392 3970 1511 4030 uocatu·q

299 4085 411 4160 fuerat,
435 4087 652 4149 daemonibus
677 4107 750 4148 aras
774 4086 855 4166 erigi
879 4093 912 4145 et
936 4081 1096 4145 sacrificia
1117 4085 1244 4166 imponi
1267 4085 1359 4158 fecit,
1382 4074 1452 4139 inde
1477 4060 1534 4124 adl

299 4193 535 4257 consulendum
560 4195 738 4256 Dominum
771 4192 926 4275 perrexit.
957 4212 978 4252 o
1001 4191 1247 4256 inaestimabilis
1271 4192 1334 4255 Dei
1361 4171 1510 4268 patientia.

405 4353 428 4400 9.
449 4337 526 4385 Num.
547 4349 589 4397 22,
616 4353 640 4401 9.
660 4365 695 4372 -
719 4347 756 4396 14.
778 4337 843 4384 Gen.
865 4346 888 4396 3,
914 4351 937 4399 9.
957 4363 992 4370 -
1016 4347 1057 4397 23,
1078 4335 1156 4383 Num,
1177 4348 1218 4397 22,
1248 4349 1286 4401 ¹9·
1307 4361 1342 4369 ,.
1362 4325 1401 4376 26,
1420 4323 1456 4369 Ps.
1474 4311 1509 4363 80,

301 4435 339 4484 13.
360 4453 395 4459 —
415 4424 456 4474 28.
477 4427 554 4475 Num.
576 4439 617 4485 22,
639 4439 680 4473 20.
