3167 5025
1302 229 1342 300 43

114 414 228 475 contra
245 406 294 475 de
310 406 475 476 obstinata
491 408 697 497 quorundam
714 408 833 477 duritia
856 410 1001 496 queritur
1024 411 1194 497 psalmista
1218 418 1345 481 dicens:

113 520 287 583 nonenim
311 532 358 583 cst
379 522 448 583 illos
471 523 690 595 commutatio,
721 534 751 586 et
773 544 835 585 aaa
859 523 1033 585 timuerunt
1054 523 1168 585 Deum.
1192 526 1247 607 qui
1271 546 1346 588 cum

112 627 151 688 ad
191 629 443 711 suscipiendum
482 650 556 692 eum
595 631 713 693 timore
751 632 885 714 purgari
918 640 951 693 et
983 631 1156 693 uirtutibus
1182 633 1345 695 adornari

38 764 40 819 g
112 734 299 812 debuerint,
332 758 350 799 e
383 739 548 801 contrario
580 737 640 800 sub
673 738 847 801 miserabili
877 739 987 821 specie
1012 737 1063 801 uel
1087 747 1246 821 apparatu
1276 742 1345 802 eius

37 830 40 859 ¹
92 843 273 905 saduentui
305 844 456 921 obuiant,
495 844 549 907 illa
580 844 748 921 uidelicet,
787 866 886 927 quam
917 845 1026 908 Lucas
1058 846 1261 928 euangelista
1295 846 1346 909 his

111 950 219 1012 uerbis
251 951 414 1015 insinuat:
444 951 513 1014 r‘bat
529 952 624 1032 Jesus
655 953 690 1014 in
720 953 882 1015 cria'totem
910 974 991 1034 quar
1014 963 1149 1015 uocatur
1168 954 1287 1026 Noz‘m,
1317 965 1348 1017 ct

113 1059 199 1121 itaut
221 1080 299 1122 cum
324 1058 381 1121 illo
404 1058 560 1141 dz'scz'puli
580 1060 647 1122 eriis
670 1069 700 1121 rt
721 1059 815 1122 turba
844 1060 978 1142 copioso.
1009 1060 1069 1123 sed
1100 1080 1177 1141 quo*
1197 1081 1344 1137 occursu,

112 1168 277 1249 quibusue
311 1168 477 1248 obsequiis
511 1176 683 1251 susceptus
721 1167 792 1231 est?
830 1190 902 1231 cam
935 1178 1039 1230 autem
1078 1168 1347 1250 appropinquaret

107 1285 217 1356 portae
251 1275 412 1347 cziritatz's,
443 1296 509 1337 ecce
539 1275 708 1357 defunctus
737 1275 932 1359 offerebatur.
968 1277 1046 1338 item
1069 1275 1134 1339 alio
1157 1275 1232 1339 loco
1256 1276 1344 1339 idem

85 1382 320 1465 ¹0euangelista
336 1383 378 1445 de
395 1384 548 1459 Domina,
573 1401 643 1445 cum
667 1383 893 1465 ingrederetur,
916 1384 1029 1465 inquit,
1051 1383 1215 1465 quoddam
1237 1384 1345 1447 castel·

113 1490 191 1564 lum,
223 1500 433 1553 occurrerunt
461 1491 493 1553 ei
521 1489 626 1553 decem
657 1491 725 1552 mii
746 1490 881 1573 leprosz',·
911 1492 969 1573 qui
993 1500 1104 1553 tamen
1136 1491 1345 1573 suscipiendo

113 1598 271 1660 saluatori
295 1599 527 1681 approximare
551 1618 618 1661 non
642 1599 811 1674 audentes,
833 1607 950 1681 utpote
974 1598 1017 1660 ob
1042 1598 1153 1680 leprae
1176 1600 1346 1662 immundi·

114 1706 187 1767 tiam
212 1706 258 1768 ab
285 1704 472 1769 hominibus
496 1707 647 1789 separati,
670 1716 823 1768 steterunt
844 1726 866 1767 a
888 1705 988 1787 louge.

215 1813 272 1877 lta
304 1822 337 1875 et
371 1814 413 1875 de
445 1814 581 1876 istorum
615 1814 785 1889 cordibus,
825 1834 964 1895 quorum
997 1813 1121 1895 primus
1159 1834 1225 1894 ego
1263 1833 1345 1888 sum,

87 1917 217 1983 nfoetor
242 1920 323 1983 elati
347 1921 525 1998 cadaueris,
556 1931 612 1984 aut
636 1921 747 2005 leprae
772 1920 949 1984 diffluentis
972 1920 1141 1996 exhalans
1166 1921 1344 1983 Dominum

117 2028 153 2088 ad
184 2028 372 2091 uisitandos
405 2050 463 2091 eos
495 2031 606 2091 uenire
637 2031 824 2112 cupientem
857 2029 1011 2104 offendit,
1044 2030 1071 2090 si
1104 2038 1215 2091 tamen
1247 2037 1344 2091 extra

120 2144 364 2198 monumentum
395 2135 468 2199 illos
500 2145 536 2200 ut
566 2136 652 2201 hunc
684 2138 836 2200 iuuenem
867 2137 985 2199 uiduae
1015 2134 1116 2197 filium
1154 2135 1343 2218 reppererit.

124 2245 278 2321 quosdam
310 2246 396 2307 enim
420 2254 508 2307 terra
531 2245 685 2321 obrutos,
717 2244 827 2328 lapide
851 2244 1106 2327 superimposito
1129 2263 1279 2326 pressos,
1310 2251 1343 2304 et

127 2370 185 2413 cum
200 2353 334 2415 Lazaro
359 2360 515 2434 quattuor
538 2353 602 2415 iam
627 2353 697 2415 dies
721 2353 752 2415 in
776 2352 929 2434 sepulcro
953 2351 1114 2414 habentes
1135 2352 1276 2429 inuenit;
1300 2352 1343 2413 ad

98 2476 195 2538 ²⁰quos
218 2470 333 2524 tamen
355 2460 417 2523 nisi
441 2459 650 2524 familiaribus
675 2459 788 2524 salutis
812 2460 1090 2523 interuentoribus
1113 2480 1186 2523 sese
1208 2459 1343 2522 inuitan-

125 2565 198 2630 tibus
237 2577 272 2630 et
311 2568 412 2650 digne
446 2568 697 2651 suscipientibus
732 2588 799 2631 non
831 2569 929 2630 uenit.
968 2568 1027 2630 sed
1065 2587 1247 2649 quousque,
1265 2567 1342 2647 Jesu

127 2671 356 2758 benignissime,
387 2685 496 2738 tantas
521 2697 540 2738 a
562 2676 658 2738 nobis
689 2677 819 2738 iniurias
847 2676 986 2758 pateris,
1017 2695 1188 2757 quousque
1212 2675 1343 2737 loetidis
1394 2741 1397 2746 ,

132 2780 265 2846 uitiorum
290 2791 478 2846 nostrorum
502 2782 655 2846 sordibus
680 2783 834 2859 offensus
863 2782 1009 2844 debitam
1033 2782 1092 2844 tibi
1116 2781 1263 2844 cordium
1287 2801 1342 2842 no·

132 2893 254 2954 strorum
286 2889 524 2953 habitationem
556 2887 785 2952 exhorrescis?
825 2890 980 2970 quamdiu
1012 2888 1132 2972 leprosi
1164 2908 1291 2964 sumuS,
1322 2910 1342 2951 a

96 2991 212 3080 2slonge
242 3007 385 3074 stanteS,
416 3019 563 3080 congrua
593 3007 626 3060 te
658 2997 837 3061 deuotione
868 2998 1034 3079 suscipere
1058 3016 1125 3058 non
1148 3015 1341 3078 possumus;

120 3106 337 3188 praeceptoris
369 3114 480 3168 tamen
512 3106 769 3168 misericordiam
795 3112 918 3185 quanta
940 3123 1117 3186 possumus
1139 3123 1223 3166 uoce
1246 3102 1342 3166 incla-

118 3227 247 3275 mamus.
280 3221 313 3274 et
344 3211 438 3275 huius
470 3213 603 3294 quidem
635 3213 783 3274 miseriae
817 3211 997 3273 remedium
1024 3210 1120 3273 nobis
1143 3210 1242 3273 offers
1266 3231 1341 3273 cum

116 3315 207 3382 dicis:
248 3318 304 3392 ito,
343 3317 494 3382 ostendito
524 3341 581 3381 uos
610 3318 833 3381 sacerdotibus.
872 3327 1014 3380 mortem
1045 3337 1125 3380 uero
1155 3319 1284 3380 animae
1314 3319 1342 3380 si

114 3423 329 3503 inciderimus
354 3428 409 3490 ubi
433 3428 497 3489 iam
521 3447 628 3508 neque
652 3447 720 3490 uox
744 3435 795 3488 est
819 3447 926 3508 neque
950 3445 1073 3499 sensus,
1103 3426 1255 3507 quomam
1279 3448 1341 3488 uon

83 3545 155 3596 nest
177 3536 213 3597 m
236 3545 336 3598 morte
358 3535 416 3618 qm‘
436 3555 556 3598 memor
577 3537 622 3598 sit
643 3537 699 3608 tui,
722 3543 827 3599 restat
850 3544 886 3597 ut
910 3535 1023 3596 matris
1046 3533 1204 3596 ecclesiae
1228 3532 1341 3596 fletum

112 3643 284 3725 respicias
315 3651 350 3705 et
381 3643 603 3706 misericordia
634 3652 744 3705 motus
772 3644 887 3705 mortis
910 3642 1047 3722 laqueos
1069 3641 1198 3724 potenti
1222 3644 1341 3704 uirtute

112 3749 305 3832 disrumpas
337 3749 414 3812 nihil
439 3751 537 3831 igitur
560 3750 774 3813 inmunditiae
799 3748 851 3813 uel
875 3749 1128 3811 abominationis
1151 3751 1184 3811 in
1215 3749 1340 3831 templo

112 3864 167 3919 tuo
190 3877 361 3920 remanere
385 3858 527 3939 patiaris
552 3865 587 3919 ut
611 3856 778 3919 eliminata
801 3858 919 3939 impuri
934 3855 1039 3919 hostis
1055 3858 1218 3940 spurcitia,
1242 3866 1341 3938 teque

111 3963 259 4047 legitimo
290 3965 476 4029 habitatore
508 3972 680 4047 suscept0,
712 3985 828 4027 secura
858 3966 1060 4028 conscientia
1089 3966 1122 4028 in
1153 3973 1186 4026 te
1209 3963 1341 4045 gloriari

81 4091 102 4126 ³⁵
112 4093 295 4136 mereamur
320 4093 400 4136 ¹cum
427 4073 530 4154 Jacob
562 4071 747 4156 patriarcha
779 4074 943 4136 dicentes:
979 4094 1077 4154 quam
1111 4071 1262 4135 tem'bilis
1294 4083 1342 4134 est

112 4180 199 4243 locus
221 4182 300 4244 iste!
324 4203 385 4243 uon
409 4191 456 4243 est
477 4181 530 4244 lu'c
552 4181 650 4244 aliud
670 4181 737 4244 nuri
758 4179 870 4244 domus
893 4181 959 4242 Da·
977 4191 1009 4242 ot
1024 4191 1120 4262 porta
1144 4179 1233 4242 caeli.

218 4337 242 4373 2.
263 4325 302 4374 Ps.
324 4335 365 4389 54,
386 4339 428 4375 20.
448 4353 483 4361 -
502 4341 526 4390 9.
548 4327 609 4374 Luc.
631 4336 654 4387 7,
679 4337 717 4374 11.
738 4341 775 4389 sq.
796 4353 831 4360 —
854 4337 892 4373 11.
914 4325 974 4373 Luc.
998 4334 1037 4386 17,
1061 4337 1099 4372 12.
1113 4321 1203 4372 -28.
1220 4323 1282 4372 Luc.
1297 4332 1338 4385 17,

116 4427 269 4478 142229.
291 4413 364 4462 Cant.
387 4415 429 4462 lv.
452 4416 515 4478 lteg.
536 4430 559 4475 4,
582 4427 622 4475 31.
645 4443 677 4450 -
698 4426 738 4475 30.
760 4415 799 4461 Ps.
820 4410 843 4471 ὁ,
864 4410 888 4461 b.
908 4443 944 4448 -
964 4409 1004 4473 36.
1025 4413 1090 4460 Gen,
1114 4412 1152 4472 18,
1176 4423 1214 4475 17.
