3167 5025
234 248 251 293 2

234 449 357 491 uacuus
388 428 420 489 in
449 436 629 509 conspectu
654 426 787 489 Domini
818 424 1009 509 apparebo?
1041 426 1139 501 absit,
1169 427 1249 510 ipse·
1264 428 1350 489 enim
1373 426 1465 488 dures

234 536 268 597 in
299 556 420 606 omnes,
452 534 510 616 qui
538 534 690 595 eiruocant
719 532 831 605 illum,
862 535 913 596 cui
945 554 1012 595 non
1035 543 1123 596 esset
1147 535 1239 615 quod
1263 534 1465 608 offerremus

234 644 295 705 nisi
318 644 391 725 ipso
415 643 504 725 prius
529 640 688 723 largiente
712 643 815 723 gratis
839 643 1091 724 perciperemus
1116 651 1167 704 est
1190 663 1281 723 erg0,
1310 639 1386 704 licet
1408 664 1464 724 pu·

234 748 357 826 sillum,
388 750 478 831 quod
510 770 554 811 ex
586 750 654 811 eius
683 750 795 836 gratia>
814 770 867 814 me
891 770 1024 834 quoque
1047 750 1081 811 in
1104 749 1305 812 tabernaculi
1329 750 1466 812 donaria

234 878 410 941 praesumo
434 856 628 919 oblaturum.
653 858 743 938 quod
768 842 865 938 quale
889 858 931 919 sit
953 858 1098 920 breuiter
1121 858 1350 940 perstringam.
1491 883 1501 919 s

334 964 442 1061 *Cum-¹
448 966 518 1051 ipse
537 966 698 1030 Dominus
722 966 764 1028 de
788 965 990 1061 tabernaculi
1014 965 1066 1028 uel
1083 965 1198 1050 templi
1214 967 1263 1041 sui
1280 966 1465 1046 uisitatione

169 1122 173 1139 .
235 1082 361 1136 asserat
385 1074 513 1135 dicens:
541 1055 615 1144 ecce]
639 1083 686 1135 sto
709 1074 758 1135 ad
778 1071 894 1135 ostricrlt
917 1083 947 1134 et
962 1073 1068 1154 pulso,
1100 1074 1283 1155 praesentis
1308 1075 1466 1155 temporis

236 1183 454 1245 insinuatione
479 1200 545 1261 qua
568 1181 662 1243 dicit:
694 1201 775 1252 ecce,
807 1190 854 1242 sto
876 1189 908 1241 et
921 1180 1035 1262 pulso,
1066 1181 1185 1261 iugiter
1207 1201 1243 1241 se
1274 1180 1318 1242 illi
1349 1181 1465 1242 adesse

236 1288 449 1369 debitumque
485 1289 704 1370 susceptionis
739 1287 901 1350 honorem
936 1297 1132 1370 expectare,
1167 1289 1268 1351 immo
1302 1287 1462 1371 pulsando

236 1399 371 1479 exigere
403 1396 557 1458 ostendit.
589 1396 644 1477 qui
676 1396 762 1459 enim
786 1395 904 1478 pulsat,
929 1397 1085 1459 continuo
1109 1417 1145 1457 se
1168 1396 1289 1478 suscipi
1313 1404 1346 1457 et
1369 1398 1464 1459 intro·
1474 1418 1499 1441 10

238 1503 321 1569 mitti
345 1503 434 1566 uelut
458 1504 646 1586 importuna
669 1500 813 1584 quadam
837 1504 1013 1565 exactione
1037 1503 1235 1585 depostulat.
1261 1503 1346 1566 absit
1368 1506 1467 1585 igitur

237 1621 272 1675 ut
307 1632 386 1674 suae
421 1632 483 1675 nos
518 1611 697 1695 aliquando
735 1612 937 1693 susceptioni
975 1613 1156 1708 imparatos
1194 1621 1306 1675 tantus
1343 1611 1466 1694 hospes

236 1722 396 1795 inueniat,
431 1720 486 1801 'qui
522 1729 673 1803 paratum
709 1741 744 1782 se
779 1720 1002 1782 indesinenter
1035 1717 1158 1782 foribus
1193 1729 1300 1783 astare
1335 1720 1465 1783 indicat.

236 1828 418 1891 timendum
441 1848 529 1903 ueroj
553 1848 594 1890 ne
619 1827 752 1913 pulsato
774 1830 938 1891 incassum
962 1828 1048 1891 ostio
1072 1828 1173 1891 iratus
1189 1827 1322 1891 recedat
1338 1828 1466 1890 dicens:

238 1936 435 2018 relinquetur
455 1935 543 1997 uobis
565 1936 681 1998 domus
704 1945 812 1997 uestra
835 1936 969 1997 deserta.
1478 1952 1504 1987 ¹³

343 2043 485 2105 Proinde
509 2044 649 2125 sparsim
674 2042 815 2105 collecta
838 2063 882 2105 ex
908 2042 1090 2105 diuinarum
1114 2043 1309 2105 auctoritate
1333 2044 1467 2124 scriptu-

237 2150 346 2215 raru'm
377 2149 533 2231 exempla
556 2150 720 2232 quaedam
743 2158 924 2212 contexere
948 2151 1123 2232 proposui,
1156 2150 1275 2230 quibus
1298 2158 1469 2231 tamquam

238 2259 375 2322 diuersis
408 2257 564 2320 membris
596 2258 630 2319 in
661 2258 755 2320 unius
788 2256 887 2319 libelli
919 2256 1115 2339 corpusculo
1148 2259 1389 2339 compaginatis
1420 2278 1468 2321 ac-

238 2366 480 2429 commodatius
511 2374 633 2447 pateat,
665 2373 790 2446 quanto
815 2365 1002 2427 deuotionis
1025 2373 1186 2457 apparatu
1210 2363 1351 2447 hospitis
1375 2364 1467 2427 huius

238 2475 406 2558 susceptio
437 2492 457 2544 a
487 2473 684 2555 quibusdam
715 2473 897 2549 celebrata,
929 2492 1029 2555 quam
1060 2473 1154 2536 tarde
1182 2493 1345 2555 quamque
1369 2471 1500 2553 negti-20

239 2592 357 2666 genter
380 2581 421 2646 ab
446 2582 515 2644 allis
539 2581 695 2657 exhibita,
720 2601 821 2664 quam
843 2582 942 2663 impie
967 2601 1047 2644 uero
1070 2602 1110 2643 ac
1134 2581 1314 2663 periculose
1337 2580 1379 2642 ab
1395 2578 1463 2641 aliis

242 2693 284 2754 sit
307 2690 488 2773 repudiata.
1164 2757 1168 2765 ,

347 2795 440 2879 Quae
465 2796 541 2860 licet
564 2797 694 2860 incultis
711 2816 729 2859 a
746 2817 799 2859 me
823 2797 932 2860 uerbis
956 2798 1165 2870 disserantur,
1189 2797 1250 2858 sub
1273 2815 1337 2858 una
1356 2804 1468 2857 tamen

238 2908 321 2970 serie
351 2901 538 2988 'legentium
573 2905 676 2968 oculis
710 2906 898 2987 proposita,
938 2905 965 2966 si
1000 2904 1175 2986 diligenter
1213 2903 1469 2976 considerentur,

238 3013 336 3077 solita
370 3033 414 3075 ex
447 3013 493 3075 eis
524 3011 752 3094 religiosorum
783 3012 920 3074 deuotio
953 3020 1200 3092 augmentatur,
1236 3011 1322 3073 male
1356 3009 1469 3072 inolita
1479 3032 1505 3068 2⁵

237 3121 475 3204 negligentium
506 3121 645 3182 tarditas
669 3120 848 3194 excitatur,
879 3118 1081 3182 infirmorum
1112 3119 1263 3182 debilitas
1286 3117 1469 3190 roboratur,

237 3229 464 3312 imperitorum
488 3229 674 3308 ignorantia
698 3227 852 3301 eruditur,
875 3235 909 3288 et
929 3226 1101 3289 'obstinata
1123 3225 1301 3288 infidelium
1316 3225 1469 3306 impietas

237 3337 452 3418 redarguitur.
483 3337 515 3398 in
546 3335 596 3398 his
628 3354 707 3397 sane
738 3336 822 3396 sicut
854 3342 887 3395 et
918 3335 950 3395 in
981 3335 1098 3397 ceteris
1121 3333 1352 3396 imbecillitatis
1375 3353 1469 3394 meae

237 3440 411 3508 conatibus
436 3452 564 3505 uestrae
581 3443 788 3524 potissimum
805 3443 1010 3503 discretionis
1026 3443 1146 3504 iudicio
1170 3440 1338 3502 subiacere
1362 3441 1470 3520 cupi0,

237 3573 347 3632 aquo
380 3569 441 3613 nec
465 3551 498 3612 in
522 3549 746 3632 superfluitate
771 3550 925 3631 castigari
954 3551 1071 3612 necin
1095 3548 1299 3611 correctione
1323 3547 1469 3609 adiuuari
1479 3569 1516 3615 30¹

238 3661 406 3723 erubesco
430 3656 508 3720 hinc
522 3659 586 3720 iam
603 3659 758 3720 inuocato
782 3658 984 3738 susceptoris
1005 3657 1107 3718 nostri
1124 3655 1295 3727 adiutori0,
1319 3655 1361 3715 de
1378 3654 1469 3715 cuius

236 3766 448 3849 susceptione
472 3767 615 3828 scribere
640 3765 809 3848 proposui,
832 3761 949 3826 fratres
973 3773 1106 3826 nostros
1122 3762 1293 3843 alloquens
1310 3761 1469 3824 disseren-

236 3875 299 3938 dae
321 3873 417 3936 huius
441 3893 560 3939 causae
585 3873 759 3935 exordium
784 3873 921 3954 capiam

617 4053 774 4131 Capitula
797 4053 875 4114 libri
899 4050 1090 4130 sequentis

353 4195 375 4258 l.
401 4195 550 4278 Qualiter
565 4193 617 4258 uel
634 4194 765 4258 occulta
781 4195 833 4257 uel
850 4193 1022 4256 manifesta
1034 4193 1179 4256 uisitatio
1189 4194 1252 4257 Dei
1265 4192 1466 4274 suscipiatur.
1479 4215 1506 4252 ss

335 4303 373 4367 ΙΙ.
399 4305 450 4366 De
475 4303 600 4385 angelis
624 4303 665 4365 ab
690 4302 863 4365 Abraham
886 4302 1058 4383 susceptis

344 4461 368 4499 2.
390 4449 465 4500 Rom.
490 4461 527 4508 ιο,
553 4459 591 4498 12.
612 4475 647 4482 —
668 4457 690 4511 7.
711 4447 791 4514 Apoc.
814 4457 837 4510 3,
859 4459 900 4497 20.
920 4474 955 4482 -
978 4456 1017 4512 15.
1037 4445 1099 4494 Luc.
1123 4456 1162 4509 13,
1184 4455 1225 4511 3-5.
1286 4449 1289 4454 “
