3167 5025
248 207 290 284 84

245 401 343 462 fortia
366 408 401 463 ut
425 396 517 462 fortis
541 399 683 460 mulieris
706 392 801 460 huius
825 393 968 460 animum
993 399 1035 460 ad
1059 398 1267 460 imitationis⁴
1281 388 1496 458 desiderium

247 507 433 591 specialiter
464 527 543 589 prae
575 507 693 568 ceteris
724 505 855 568 sortium
887 506 990 586 gestis
1021 506 1254 578 excitauerint,
1286 504 1497 586 praesertim

250 634 324 677 cum
348 623 426 696 post
450 614 638 696 passionem
661 612 796 675 Domini
826 621 859 674 et
892 612 954 674 sub
985 613 1065 695 ipsis
1089 613 1188 674 etiam
1211 620 1345 674 sanctae
1370 609 1497 673 Feliei-

248 723 326 784 tatis
350 721 555 804 temporibus
578 722 766 783 innumeros
782 729 816 782 et
833 721 1047 802 grauissimos
1070 740 1196 802 agones
1211 713 1299 782 beati
1316 727 1495 800 martyres

251 831 494 904 desudauerint‚
517 849 658 910 quorum
681 826 838 910 exempla
861 827 935 910 piae
959 827 1107 890 auiditati
1124 827 1193 890 eius
1216 825 1364 890 sufficere
1389 835 1522 909 potu-s

248 935 352 999 erint?
383 936 509 1020 duplex
539 936 624 997 ratio
655 943 722 1010 est,
754 955 812 997 cur
835 936 941 1016 magis
965 935 1150 1016 antiquiora
1173 933 1227 997 illa
1250 954 1349 1015 quam
1375 955 1496 996 recen-

249 1047 335 1107 tiora
365 1043 474 1126 aliqua
505 1063 578 1106 eam
609 1043 815 1106 incitauerint
847 1041 1017 1124 exempla:
1050 1050 1084 1104 et
1114 1043 1204 1124 prior
1235 1042 1370 1123 quidem
1402 1040 1497 1104 haec

250 1161 310 1227 est,
334 1153 411 1234 quia
433 1152 580 1214 nondum
604 1159 716 1212 erecto
739 1151 924 1212 dominicae
957 1148 1119 1232 passionis
1143 1149 1266 1212 uexillo
1298 1169 1360 1213 nec
1387 1151 1494 1211 mani-

251 1266 373 1327 testata
407 1258 652 1320 resurrectionis
687 1256 808 1339 gloria,
846 1265 957 1320 tantus
992 1266 1103 1320 tamen
1139 1257 1307 1340 antiquam
1343 1265 1494 1319 matrem

252 1368 341 1430 illam
370 1388 445 1430 cum
469 1365 540 1428 filiis
564 1365 760 1428 uictoriosae
783 1365 899 1428 mortis
923 1365 1021 1428 ardor
1044 1366 1256 1440 accenderat,
1287 1374 1323 1426 ut
1347 1363 1394 1426 nil
1420 1375 1493 1427 tam
1505 1385 1526 1408 ¹0

254 1476 385 1538 crudele
409 1483 516 1538 tortor
538 1475 671 1536 insanus
688 1473 877 1536 adinuenire
894 1474 1067 1556 potuisset,
1090 1475 1181 1554 quod
1196 1483 1354 1556 prompta
1370 1495 1492 1537 eorum

254 1585 389 1648 deuotio
424 1582 532 1645 subire
567 1582 756 1664 trepidaret.
792 1589 927 1644 sanctos
963 1581 1049 1642 enim
1085 1590 1248 1661 martyres
1283 1580 1362 1645 talia
1399 1592 1491 1665 post·

254 1693 390 1755 modum
414 1691 604 1754 sustinuisse
627 1711 694 1752 non
719 1690 804 1752 adeo
828 1690 1012 1751 mirandum
1037 1698 1115 1765 erat,
1140 1710 1224 1771 quos
1244 1691 1489 1773 primogenitus

253 1801 306 1862 ille
330 1808 534 1863 mortuorum
559 1798 676 1860 eadem
700 1798 753 1859 uia
776 1797 979 1881 praecedens
1003 1798 1046 1858 ad
1069 1805 1211 1859 mortem
1237 1798 1424 1873 moriende,
1447 1799 1485 1859 ad

255 1928 349 1990 spem
374 1908 462 1969 uitae
484 1906 687 1986 resurgendo
711 1905 922 1967 animauerat.
956 1902 1059 1966 altera
1082 1925 1171 1981 uem,
1194 1925 1293 1985 quam
1316 1906 1477 1989 proposui,
1487 1927 1507 1962 ιε

254 2016 340 2078 ratio
363 2013 438 2076 talis
462 2021 527 2076 est:
551 2012 651 2075 beata
666 2012 820 2074 Felicitas
844 2031 935 2074 suam
960 2031 1020 2094 pro
1038 2005 1169 2074 Christo
1194 2012 1337 2074 anImam
1363 2009 1473 2095 ponere

254 2121 504 2204 promptissima
534 2127 623 2195 erat,
654 2118 714 2180 sed
745 2119 834 2201 piam
866 2127 1006 2180 matrem
1029 2119 1128 2180 etiam
1153 2117 1291 2181 filiorum
1316 2140 1401 2183 cura
1424 2131 1477 2182 tan·
1568 2125 1569 2206 l

254 2229 373 2311 gebat,
403 2248 471 2290 non
502 2247 586 2308 quae
615 2247 635 2288 a
657 2227 805 2306 martyrii
837 2227 985 2308 appetitu
1017 2227 1159 2288 animum
1192 2228 1260 2290 eius
1292 2229 1484 2300 retardaret,

255 2339 356 2399 immo
376 2335 419 2397 ad
437 2335 540 2396 maius
564 2332 685 2414 aliquid
709 2334 868 2396 incitaret.
894 2334 1041 2396 audierat
1065 2334 1107 2396 de
1130 2333 1185 2396 illa
1208 2343 1337 2416 septem
1356 2335 1485 2398 Macha·

254 2446 412 2507 baeorum
436 2451 557 2517 matre,
588 2440 728 2522 qualiter
750 2441 793 2503 ad
818 2442 980 2525 passionis
1004 2441 1212 2504 tolerantiam
1240 2435 1390 2525 singulos
1418 2461 1512 2506 con-²⁰

254 2552 434 2625 fortauerit,
458 2570 558 2632 quam
582 2549 670 2611 laeto
694 2548 785 2611 uultu
810 2550 989 2613 morientes
1012 2550 1054 2613 ad
1079 2551 1187 2612 Deum
1211 2552 1432 2633 praemiserit,
1459 2560 1488 2613 et

255 2681 296 2724 ne
314 2656 414 2722 unum
435 2657 568 2739 quidem
585 2678 630 2718 ex
646 2658 692 2718 eis
709 2656 834 2719 mundo
859 2676 1031 2739 superesse
1055 2656 1201 2720 uoluerit.
1226 2659 1362 2721 uidebat
1379 2661 1487 2751 etiamy

255 2789 291 2830 se
315 2764 462 2828 eiusdem
486 2764 612 2826 numeri
635 2761 719 2825 filios
742 2762 934 2825 naturaliter
957 2764 1111 2844 genuisse
1135 2772 1168 2826 et
1197 2765 1240 2828 ad
1264 2768 1487 2846 generationis
1568 2830 1569 2851 ἲ

255 2874 396 2956 gratiam
420 2871 634 2954 perduxisse,
666 2871 872 2954 optabatque
896 2870 979 2933 illius
1003 2870 1158 2953 triumphi
1187 2872 1436 2937 similitudinem
1459 2876 1487 2935 in

255 3002 291 3045 se
323 3001 362 3043 ac
393 2977 465 3040 filiis
495 2980 659 3053 innouari,
690 2988 726 3041 ut
757 2980 880 3060 pariter
908 2998 982 3041 cum
1006 2980 1085 3060 ipsis
1108 2979 1150 3041 ad
1175 2981 1323 3061 martyrii
1346 2980 1487 3062 gloriam
1496 2995 1515 3031 ²⁵

255 3090 468 3172 pertingeret.
500 3088 546 3149 sic
576 3106 657 3168 ergo
685 3107 818 3149 manum
842 3084 936 3149 suam
959 3086 1050 3148 mter
1071 3084 1119 3148 ad
1131 3087 1256 3167 fortz'a,
1287 3089 1364 3169 quia
1388 3088 1486 3170 longe

256 3197 375 3259 fortius·
394 3204 464 3259 erat
486 3203 537 3257 tot
560 3193 699 3257 filiorum
723 3204 847 3257 mortes
872 3214 983 3257 secum
1007 3194 1133 3268 offerre,
1158 3214 1257 3276 quam
1274 3188 1368 3257 suam
1385 3194 1486 3260 semel

256 3314 385 3369 tantum
409 3305 442 3366 in
465 3301 607 3365 mortem
632 3303 775 3364 animam
798 3302 937 3364 tradere.

364 3410 465 3493 QuOd
497 3429 575 3472 uero
607 3410 769 3490 sequitur:
801 3419 831 3471 et
852 3407 951 3490 digiti
971 3410 1038 3471 eius
1061 3408 1338 3491 apprehenderunt
1359 3414 1478 3491 fusum,

257 3520 423 3601 quendam
448 3538 552 3598 aeque
569 3515 767 3580 fortitudinis
791 3517 927 3579 modum
944 3517 1094 3592 insinuat,
1117 3518 1193 3597 quia
1216 3536 1283 3579 non
1304 3522 1480 3599 quomodo
1488 3540 1505 3577 30

257 3648 397 3709 eumque
430 3626 597 3708 accepisse
628 3624 680 3688 uel
711 3626 855 3687 tenuisse
893 3626 952 3687 sed
995 3624 1251 3708 apprehendisse
1290 3626 1419 3689 dicitur.
1459 3629 1485 3689 in

257 3733 332 3798 colo
363 3733 438 3795 lana
464 3733 612 3795 inuoluta
635 3742 701 3808 est,
732 3754 817 3813 quae
842 3732 896 3796 filo
920 3735 1071 3796 ducenda
1094 3742 1127 3795 et
1151 3726 1260 3795 nenda
1283 3726 1433 3797 transeat
1458 3737 1485 3796 in

257 3842 371 3904 susum.
403 3842 493 3922 quod
517 3840 591 3903 colo
614 3839 797 3904 inuolutum
822 3849 881 3916 est,
910 3840 1052 3904 futurum
1076 3850 1136 3916 est,
1160 3840 1250 3921 quod
1274 3839 1346 3903 fuso
1370 3840 1484 3904 collec-

257 3958 327 4011 tum
359 3957 426 4024 est,
458 3949 522 4009 iam
549 3948 763 4030 praeteritum
787 3956 846 4009 est.
879 3968 963 4029 opus
987 3967 1067 4027 ergo
1100 3954 1250 4009 nostrum
1273 3948 1305 4009 in
1329 3947 1402 4009 fuso
1436 3956 1484 4010 est

257 4077 324 4119 non
347 4058 381 4119 in
404 4054 487 4118 colo.
511 4056 544 4117 in
568 4055 642 4117 colo
666 4055 753 4116 enim
776 4063 827 4116 est
851 4053 942 4135 quod
965 4053 1080 4116 facturi
1105 4072 1224 4129 sumus
1248 4055 1279 4115 in
1304 4050 1375 4116 fuso
1392 4053 1482 4135 quod
1492 4074 1512 4112 35

257 4162 400 4227 fecimus
424 4163 503 4245 quid
519 4162 675 4225 faciamus
691 4183 764 4225 cras
783 4164 955 4237 nescimus
979 4162 1058 4243 quid
1082 4160 1253 4224 fecerimus
1269 4160 1338 4223 heri
1353 4163 1482 4224 scimus.

257 4273 310 4336 De
333 4272 441 4336 futuro
465 4291 566 4354 opere
590 4271 752 4345 timemus,
776 4271 818 4333 de
842 4269 1030 4353 praeterito
1054 4270 1081 4332 si
1097 4269 1185 4333 bona
1201 4278 1251 4332 est
1273 4268 1481 4341 conscientia,

257 4381 448 4467 gaudemus.
471 4378 525 4445 ille
549 4380 649 4466 igitur
671 4362 890 4464 apprehendit
913 4377 1028 4455 iusum,
1052 4379 1085 4441 id
1110 4386 1161 4443 est
1185 4376 1310 4440 firmam
1333 4374 1434 4439 habet
1450 4378 1480 4437 in
