3167 5025
280 239 339 311 108

274 446 384 520 alieni,
416 466 493 508 suae
517 443 629 508 salutis
653 457 827 532 compotes
852 440 958 513 effecti
982 459 1064 514 sunt.
1097 443 1234 533 proinde
1265 445 1336 532 quis
1358 468 1508 534 pensare

275 553 398 628 ualeat,
428 574 527 637 quam
551 557 673 618 deuota
696 554 814 618 horum
838 567 966 639 septem
994 557 1129 620 fratrum
1153 579 1215 641 pro
1238 561 1351 621 matris
1373 559 1509 622 absolu-

275 663 364 724 tione
387 661 482 724 fuerit
505 664 705 744 expectatio
728 673 761 726 et
785 684 884 745 quam
907 666 991 746 iugis
1012 665 1054 728 ad
1072 666 1180 728 Deum
1196 665 1406 748 supplicati0,
1436 688 1504 728 curn

272 770 434 850 insignem
458 769 545 831 illam
569 790 697 832 morum
721 791 853 833 suorum
878 774 1069 853 magistram
1093 782 1126 836 et
1150 775 1311 856 passionis
1328 776 1464 837 sociam
1481 775 1506 836 in

273 876 398 939 eisdem
422 875 529 940 adhuc
553 891 637 958 quos
660 887 833 940 euaserant
858 879 1019 961 agonibus
1043 891 1214 943 cernerent
1230 881 1397 963 positam?
1425 883 1534 943 miror

272 993 384 1046 tamen
409 985 517 1046 'modo
550 1005 611 1047 nec
644 988 834 1067 expectatio
865 986 910 1049 ibi
943 989 1094 1050 taediosa
1125 1008 1187 1051 nec
1219 989 1423 1070 supplicatio
1460 999 1509 1050 est

273 1090 444 1155 laboriosa.
476 1094 548 1174 ipsa
579 1094 665 1155 enim
696 1096 938 1175 expectationis
971 1095 1187 1177 tranquillitas
1225 1095 1399 1160 manifeste
1438 1097 1509 1157 insi·

272 1208 399 1268 nuatur,
423 1199 478 1261 ubi
501 1201 623 1262 sanctis
647 1202 856 1282 martyribus
881 1223 955 1265 cum
968 1202 1111 1284 singulas
1124 1203 1227 1265 stolas
1251 1202 1344 1266 albas
1362 1205 1508 1285 accepis·

273 1315 356 1380 sent,
379 1307 489 1368 divina
512 1327 596 1370 uoce
618 1309 742 1371 dictum
766 1320 833 1372 est:
858 1321 894 1372 ret
915 1311 1142 1392 requiescerent
1163 1321 1285 1392 tempus
1308 1309 1424 1372 addice
1448 1331 1508 1371 rno-

272 1413 395 1485 dicum,
424 1413 521 1476 donec
543 1415 729 1497 r'rrrpleretnr
751 1439 901 1480 numerus
924 1439 1146 1481 consertionem
1168 1429 1200 1480 et
1212 1421 1366 1501 fratmm
1389 1439 1537 1480 eonemu

272 1520 315 1583 ad
347 1522 438 1584 cuius
468 1524 590 1604 requiei
622 1527 824 1588 consortium
856 1546 930 1589 cum
961 1526 1060 1589 beata
1083 1527 1236 1588 Felicitas
1270 1535 1506 1589 consummato

273 1629 337 1689 iam
361 1650 457 1692 cursu
480 1632 612 1694 euocari
637 1612 817 1708 meruisset,
841 1655 862 1695 o
879 1654 977 1716 quam
1001 1633 1118 1696 festiuo
1143 1641 1304 1716 apparatu
1328 1634 1504 1715 splendidi,

273 1754 370 1816 quam
395 1738 577 1801 admirabili
600 1739 800 1802 iucunditate
824 1741 1057 1803 circumamicti
1079 1741 1162 1802 inter
1178 1741 1321 1822 reliquos
1337 1751 1501 1823 martyres

272 1845 367 1924 primi
398 1856 609 1909 occurrerunt
640 1845 711 1922 filii,
744 1847 857 1911 debita
880 1849 1059 1930 gratiarum
1083 1849 1213 1911 actione
1237 1858 1382 1910 matrem
1407 1849 1496 1911 hono·

272 1953 371 2014 raturi
402 1961 435 2016 et
466 1955 499 2016 in
522 1963 692 2017 aeternum
723 1956 946 2018 beatissimam
977 1957 1212 2038 praedicaturi!
1244 1976 1323 2018 ecce
1353 1957 1415 2018 isti
1429 1965 1516 2016 nenio

271 2080 390 2132 semen,
414 2061 469 2122 cni
488 2061 650 2125 benedixit
671 2063 848 2134 Dominus,
877 2065 938 2126 iste
962 2063 1085 2126 inactus
1109 2064 1230 2126 uentris
1254 2063 1286 2124 in
1310 2063 1442 2125 laudem
1460 2070 1486 2121 et
1569 2143 1570 2146 Ἴ

272 2165 410 2247 gloriam
434 2167 593 2230 fecundae
616 2171 790 2250 genitricis,
814 2169 876 2232 hos
899 2171 997 2250 igitur
1020 2171 1230 2233 attendentes
1246 2179 1363 2232 tantae
1382 2171 1491 2252 gloriae

271 2284 423 2357 respectu
455 2285 666 2358 peccatorum
696 2278 909 2358 ignominiam
933 2277 1183 2353 abhorreamus,
1216 2278 1257 2340 ad
1289 2277 1495 2360 perfectionis
1569 2295 1570 2324 i

271 2380 365 2443 huius
403 2403 552 2444 normam
590 2382 817 2465 imperfectum
855 2393 1003 2446 nostrum
1042 2387 1206 2466 corrigere
1244 2405 1283 2446 ac
1323 2385 1494 2449 reformare

271 2490 469 2566 studeamus,
494 2500 682 2573 praestante
707 2492 852 2555 Domino
876 2501 990 2555 nostro
1010 2493 1086 2573 jesu
1112 2493 1253 2569 Christ0,
1276 2495 1328 2555 cui
1354 2503 1409 2557 est
1441 2512 1516 2555 orn·-n

271 2599 321 2659 nis
344 2596 451 2659 honor
474 2609 507 2661 et
531 2598 636 2679 gloria
659 2601 690 2660 in
715 2601 846 2662 saecula
870 2600 1084 2663 saeculorum.
1132 2602 1250 2663 Amen.

863 2832 906 2895 ΙΙ.

713 2978 802 3038 Item
826 2980 919 3039 unde
942 2996 1058 3055 supra.

378 3134 634 3198 Celeberrimum
666 3135 743 3198 fidei
777 3138 880 3217 patris
912 3138 1016 3198 nostri
1048 3135 1205 3199 Abrahae
1241 3136 1440 3218 exemplum
1474 3139 1495 3197 ir

271 3244 370 3305 beata
393 3253 496 3306 matre
513 3244 683 3306 Felicitate
700 3264 738 3305 ac
763 3241 834 3306 filiis
859 3245 927 3305 eius
951 3242 1120 3305 manifeste
1144 3243 1319 3325 praelucet,
1344 3254 1379 3305 et
1396 3246 1514 3307 iocur-²³

273 3352 351 3413 dum
383 3350 532 3413 fidelibus
558 3349 678 3413 Christi
710 3350 934 3434 spectaculum
966 3349 1110 3412 exhibet.
1142 3358 1275 3433 oportet
1306 3352 1443 3433 itaque,
1472 3362 1495 3411 ut

272 3478 345 3520 cum
370 3458 534 3519 seruitutis
565 3468 697 3521 nostrae
721 3457 829 3521 officio
854 3468 1014 3539 congruat
1038 3458 1124 3520 uitae
1148 3457 1278 3539 religi0,
1310 3468 1354 3532 ut,
1380 3462 1442 3539 qui
1466 3458 1499 3519 ad

270 3564 449 3627 hodiernae
481 3564 664 3627 festiuitatis
695 3567 816 3647 gaudia
847 3567 965 3628 mentis
996 3566 1172 3627 deuotione
1200 3566 1365 3639 ducimur,
1399 3567 1500 3629 multu

272 3673 377 3751 magis
402 3673 443 3734 ad
467 3692 577 3734 mores
601 3672 806 3734 excolendos
828 3682 862 3733 et
878 3672 1045 3735 ornandos
1062 3673 1208 3735 eiusdem
1225 3670 1300 3734 fidei
1317 3673 1501 3736 imitatione

271 3778 446 3841 trahamur.
477 3777 542 3841 hoc
572 3781 658 3842 enim
689 3789 790 3861 pacto
820 3789 957 3862 accepta
980 3780 1101 3842 sanctis
1126 3780 1323 3860 martyribus
1355 3778 1500 3873 fidelium
1509 3807 1529 3842 ,ψ

273 3887 448 3949 creduntur
479 3886 653 3967 obsequia,
689 3887 716 3948 si
747 3897 837 3949 certa
867 3888 1049 3949 sanctitatis
1081 3907 1158 3948 suae
1189 3888 1222 3947 in
1254 3886 1300 3947 eis
1335 3890 1502 3968 reperiant

273 3994 418 4075 uestigia.
443 3992 614 4075 apostolus
630 3995 672 4055 ad
689 3994 862 4056 Hebraeos
887 3994 1032 4056 scribens
1050 4012 1231 4074 congruum
1247 3992 1323 4054 fidei
1340 3992 1500 4057 Abrahae

272 4102 494 4163 testimonium
525 4099 676 4182 perhibet
708 4101 836 4163 dicens:
859 4101 932 4183 fide
959 4099 1072 4161 obtulit
1093 4100 1260 4163 Abrohom
1285 4100 1398 4173 lianc,
1431 4122 1500 4165 cnm

272 4218 484 4290 temptaretur,
508 4218 539 4269 et
560 4206 757 4288 umgenitum
780 4208 937 4291 offerebat,
961 4188 1020 4289 qni
1031 4218 1212 4289 susceperat
1226 4209 1501 4289 repromissiones:

271 4315 320 4376 ad
331 4336 422 4397 quenz
439 4314 559 4377 dr'ctnm
576 4325 640 4376 est:
663 4315 740 4395 qnia
764 4315 798 4377 in
823 4314 1099 4377 Isaac-uocabitur
1113 4316 1172 4377 tibi
1188 4335 1291 4377 semen
1301 4336 1311 4376 .·
1333 4316 1526 4379 arbitrantis

382 4469 419 4507 10.
441 4461 522 4523 Apoc.
543 4455 566 4518 6,
591 4470 630 4505 11.
649 4485 685 4491 -
708 4455 747 4505 lb.
767 4458 800 4505 Is.
821 4454 864 4517 bl,
886 4474 910 4521 9.
930 4483 965 4492 -—
987 4470 1025 4521 19.
1047 4458 1103 4506 fort.
1125 4474 1185 4507 sen:
1205 4476 1247 4507 cor
1264 4460 1394 4521 corrigere.
