3167 5025
281 170 345 241 42*

281 381 348 423 non
372 361 541 442 recipiunt,
564 378 605 423 eo
630 358 719 442 qdod
743 379 812 423 non
834 368 1045 426 couterentur
1059 358 1175 443 Judaei
1190 354 1422 424 Samaritanis.
1440 379 1507 421 ,cum

281 468 438 531 audissent
474 478 580 531 autem
617 468 772 551 discipuli
803 470 872 532 eius
905 469 1047 543 Jacobus
1076 481 1108 533 et
1139 470 1300 543 Joannes,
1343 468 1510 530 deremet:

281 578 434 651 Demeae,
467 576 518 639 uis
540 575 680 639 dicimus
702 586 738 637 ut
760 578 870 639 ueniat
893 576 979 658 iguis
1002 577 1042 639 de
1064 577 1151 639 caelo
1173 587 1204 639 et
1224 586 1402 639 consumat
1422 575 1509 637 illos?

280 685 431 747 nimirum
448 685 524 765 quia
547 684 602 747 filii
626 684 760 746 tonitrui
783 693 868 760 sunt,
892 686 1003 766 ignem
1019 687 1062 747 de
1077 684 1171 747 caelo
1194 684 1236 747 ad
1260 684 1408 747 uerbum
1424 703 1510 746 suum

281 792 483 855 descendere
508 791 637 869 uolunt;
661 811 728 853 non
752 791 920 855 inferiores
942 792 1047 867 Helia,
1071 792 1114 855 ad
1137 793 1227 855 cuius
1244 811 1369 855 uocem
1386 790 1525 853 flammas

281 901 424 983 desuper
454 900 606 961 ueniente
638 900 908 981 quinquagenarii
940 900 983 962 ad
1014 919 1090 962 eum
1119 900 1209 963 missi
1232 919 1309 962 cum
1335 900 1409 961 suis
1431 900 1510 980 quin·

281 1008 440 1090 quaginta
463 1008 637 1090 perierunt.
662 1008 721 1069 sed
745 1008 772 1069 si
796 1016 913 1071 contra
928 1006 1107 1071 Samaritas
1123 1016 1217 1069 tanta
1232 1007 1291 1070 fuit
1308 1007 1509 1090 apostolicae

280 1116 514 1197 indignationis
553 1115 725 1190 seueritas,
764 1136 806 1177 eo
844 1116 935 1196 quod
973 1116 1017 1179 ad
1055 1115 1299 1197 suscipiendum
1334 1114 1507 1177 Dominum
1557 1145 1559 1186 ρ

281 1222 433 1305 imparati
456 1220 590 1295 fuerint,
621 1222 711 1283 cuius
735 1220 801 1287 fide
823 1222 965 1285 necdum
988 1221 1104 1285 imbuti
1127 1229 1221 1285 erant
1229 1242 1236 1300 ;
1268 1243 1338 1303 qua
1363 1229 1508 1305 putamus
1557 1203 1559 1280 J

281 1331 426 1393 uindicta
450 1329 601 1392 duritiam
624 1336 773 1391 nostram
798 1327 978 1392 feriendam
1001 1329 1155 1405 iudicant,
1179 1331 1206 1392 si
1221 1338 1301 1411 post
1316 1328 1525 1392 christianae¹⁰
1557 1357 1559 1364 ·

282 1438 447 1519 religionis
478 1445 684 1500 sacramenta
715 1456 789 1499 cum
821 1436 906 1501 lacte
936 1438 1050 1500 matris
1081 1446 1252 1519 suscepta,
1282 1446 1369 1520 post
1401 1444 1507 1499 totae

281 1554 376 1608 tanta
398 1546 528 1608 diuinae
552 1546 678 1625 gratiae
701 1542 876 1619 beneficia,
907 1546 1015 1627 ipsum
1046 1544 1210 1607 bonorum
1242 1546 1396 1607 omniurn
1428 1544 1506 1623 largi·

281 1662 387 1715 torem
412 1673 431 1716 a
455 1652 609 1715 cordibus
632 1652 752 1713 nostris
775 1650 890 1733 repelli
909 1650 1063 1714 uideant?
1087 1672 1186 1733 quem
1210 1653 1372 1732 quoniam
1398 1673 1418 1714 a
1441 1650 1505 1713 sede
1557 1639 1559 1714 ζ

281 1782 340 1823 sua
363 1760 504 1842 indignis
528 1760 674 1823 moribus
698 1767 731 1821 et
754 1758 861 1821 foedis
877 1760 1132 1841 cogitationibus
1156 1760 1350 1822 multotiens
1368 1758 1504 1823 deturba·
1557 1777 1559 1802 ÷

281 1870 403 1944 uimuS,
436 1868 566 1930 diuitias
598 1866 755 1929 bonitatis
789 1875 822 1928 et
853 1866 1110 1948 longanimitatis
1143 1868 1212 1930 eius
1242 1867 1307 1929 iam
1341 1867 1430 1930 ultra
1451 1885 1523 1927 nonu
1557 1908 1559 1951 5

275 1986 543 2051 'contemnamus
566 1976 668 2037 immo
685 1975 727 2037 ad
744 1975 1002 2037 misericordiam
1018 1974 1232 2038 Samaritanis
1249 1984 1329 2038 tunc
1346 1974 1498 2042 indultam,
1557 2044 1559 2048 ‚

284 2086 380 2146 nobis
404 2103 537 2165 quoque
561 2084 704 2165 gratuita
728 2082 829 2164 ipsius
852 2082 1005 2164 largitate
1029 2081 1229 2164 frequentius
1253 2082 1417 2157 oblatam,
1440 2082 1493 2143 dm

280 2201 413 2274 tempus
429 2200 488 2267 est,
505 2190 739 2272 confugiamus.
757 2190 937 2253 ostendens
953 2191 1039 2253 enim
1057 2191 1147 2273 quod
1163 2212 1223 2273 per
1238 2190 1442 2273 prophetam
1457 2188 1497 2249 ait:

282 2299 369 2389 nolle
393 2320 428 2362 se
452 2308 594 2361 mortem
617 2299 819 2381 peccatoriS,
850 2298 910 2361 sed
934 2307 970 2360 ut
994 2307 1205 2361 conuertatur
1236 2307 1270 2362 et
1300 2300 1412 2373 uiuat,
1441 2313 1500 2377 apo

283 2406 419 2469 stolicae
452 2404 678 2469 aemulationis
711 2405 953 2468 uehementiam
984 2406 1146 2487 reprimit,
1178 2406 1357 2487 increpans
1390 2410 1444 2465 eo's
1472 2416 1524 2461 ace0

282 2515 412 2577 dicens:
452 2514 586 2587 nescitis,
625 2514 716 2576 euius
749 2513 883 2596 speie'tus
919 2513 1003 2575 estis.
1032 2513 1132 2596 filius
1161 2512 1302 2576 leemim‘s
1333 2534 1399 2577 nen
1427 2504 1504 2571 uenit

282 2622 412 2686 arze'eeees
436 2620 585 2703 perdere,
615 2619 675 2683 sed
701 2620 840 2682 saluere.
871 2620 963 2702 quod
990 2621 1089 2682 etiam
1114 2628 1359 2702 consequenter
1382 2621 1413 2682 in
1433 2614 1501 2698 ipsis

283 2730 496 2794 Samaritanis
530 2730 793 2792 demonstratum
817 2735 883 2802 est,
914 2728 969 2808 qui
1000 2748 1060 2808 per
1093 2718 1302 2791 clementiam
1326 2724 1447 2792 seruati
1466 2718 1507 2781 ad.

282 2837 382 2902 fidem
405 2845 480 2899 sunt
511 2835 676 2914 conuersi;
708 2855 873 2917 quemque
896 2836 985 2916 prius
1016 2835 1241 2897 nuntiantibus
1263 2834 1428 2917 apostolis
1447 2845 1498 2890 sus·

284 2945 392 3028 cipere
426 2942 615 3018 noluerant,
645 2943 860 3025 postmodum
891 2940 1070 3005 honorilice
1094 2942 1266 3004 inuitatum
1289 2940 1514 3023 susceperunt²5

283 3053 418 3134 cognita
448 3052 534 3114 enim
568 3049 654 3112 lama
685 3051 754 3112 eius
785 3070 845 3131 per
876 3048 1061 3124 mulierem,
1092 3069 1176 3130 quae
1209 3050 1251 3112 ad
1276 3049 1405 3112 fontem
1428 3042 1489 3106 illm

283 3161 462 3235 inuenerat,
485 3158 633 3222 exierunt
655 3157 693 3218 de
717 3157 847 3219 ciuitate
869 3167 901 3218 et
921 3155 1089 3218 ueniebant
1109 3154 1158 3217 ad
1178 3177 1257 3217 eum.
1282 3165 1361 3238 post
1378 3153 1494 3216 odorem

284 3266 389 3330 famae
428 3276 561 3349 gustum
601 3273 761 3346 quaerunt
800 3264 902 3345 ipsius
940 3263 1155 3344 praesentiae,
1193 3283 1255 3324 nec
1286 3262 1338 3326 his
1369 3249 1497 3325 contenti

284 3373 465 3456 pleniorem
494 3372 706 3435 beatitudinis
738 3370 878 3432 fructum
909 3389 954 3430 ex
982 3370 1051 3431 eius
1083 3371 1239 3450 consequi
1270 3371 1408 3452 cupiunt
1429 3378 1500 3426 man·
1557 3444 1558 3451 ἵ

286 3482 386 3544 sione.
417 3491 613 3563 rogauerunt
641 3480 725 3542 euim
749 3499 820 3540 eum
843 3489 880 3541 ret
901 3478 949 3540 ibi
969 3490 1125 3551 maneret,
1156 3489 1186 3540 et
1215 3478 1337 3539 mansit
1365 3475 1413 3540 ibi
1435 3469 1521 3534 decus-³⁰
1557 3462 1559 3519 ἶ

285 3590 361 3652 de'es.
401 3609 468 3652 non
507 3588 544 3651 fit
583 3589 707 3651 mentio
745 3588 869 3658 noctiS,
907 3587 963 3648 ubi
995 3588 1182 3668 praesentia
1214 3594 1265 3648 est
1296 3605 1395 3648 uerae
1425 3575 1500 3643 lucis,

284 3697 414 3760 duobus
445 3697 560 3760 diebus
585 3716 814 3769 commoranS,
844 3695 877 3756 id
902 3703 952 3756 est
975 3696 1127 3775 geminae
1151 3695 1295 3756 caritatis
1319 3691 1425 3774 gratia
1446 3699 1499 3746 sus·
1557 3736 1559 3773 :

285 3814 440 3886 ceptores
464 3825 541 3867 suos
573 3803 745 3878 illustrans,
770 3801 852 3864 haec
876 3810 927 3864 est
951 3821 1032 3882 ergo
1061 3801 1196 3863 mutatio
1219 3801 1368 3863 dexterae
1389 3784 1498 3858 excelsi·

288 3933 394 3994 nuper
418 3911 572 3975 exclusus
599 3932 618 3973 a
641 3910 827 3983 SamaritiS,
858 3929 945 3971 nunc
968 3909 1172 3971 mansionem
1196 3906 1273 3970 facit
1296 3926 1370 3970 cum
1392 3903 1444 3964 eis.
1465 3889 1500 3954 ad

284 4019 349 4083 hoc
387 4018 551 4082 cohibitus
582 4027 634 4082 est
664 4018 765 4099 ignis,
804 4035 904 4097 quem
935 4014 1077 4096 apostoli
1110 4013 1282 4076 uoluerant
1320 4030 1416 4096 super
1449 4006 1523 4063 60335

285 4127 497 4203 descendere,
524 4133 560 4187 ut
585 4125 626 4187 ad
650 4123 735 4186 hanc
759 4123 975 4184 mutationem
1000 4129 1203 4183 mererentur
1225 4121 1403 4204 peruenire.
1432 4125 1498 4191 quo

395 4281 415 4318 1.
436 4267 510 4318 Conf.
531 4267 570 4330 Jo.
590 4280 615 4326 4,
636 4262 660 4330 9'.
687 4293 722 4302 —
745 4276 768 4326 3.
790 4265 852 4312 Luc.
872 4279 896 4327 9,
919 4271 959 4326 54.
979 4289 1015 4298 —
1037 4275 1076 4326 19.
1097 4263 1188 4312 Erech.
1210 4275 1251 4324 33,
1275 4275 1313 4311 11.
1333 4289 1368 4298 -
1387 4271 1424 4308 22.
1444 4252 1495 4299 Luc.

286 4375 309 4428 9,
332 4369 372 4423 55·
393 4375 430 4423 sn·
451 4386 485 4392 -
506 4367 546 4418 27·
567 4357 606 4420 J0·
627 4368 651 4416 4.
673 4367 713 4416 30-
735 4383 768 4389 -
789 4365 831 4414 31.
851 4353 891 4416 lo·
912 4368 935 4413 4,
955 4366 997 4412 40·
1018 4381 1053 4387 -
1073 4365 1115 4414 ss·
1136 4354 1175 4400 Ps·
1198 4363 1237 4416 54,
1259 4365 1300 4401 20·
