3167 5025
286 245 327 321 78

280 461 350 504 nox
381 443 424 506 illi
456 453 491 506 ut
522 446 593 507 dies
624 445 882 525 illuminabatur,
914 459 1048 532 eratque
1080 471 1217 532 uespere
1249 459 1281 512 et
1315 469 1410 512 mane
1442 448 1512 510 dies

280 570 379 627 unuS,
409 553 442 614 id
466 563 517 616 est
541 556 658 618 eadem
682 557 783 620 diuini
807 558 992 640 splendoris
1016 559 1190 622 illustratio
1214 568 1282 621 tam
1306 559 1338 620 in
1363 559 1511 620 aduersis

279 679 379 739 quam
410 661 443 722 in
464 664 641 745 prosperis
673 685 731 726 cor
758 667 827 728 eius
851 685 983 748 semper
1005 667 1199 742 irradiabat,
1230 675 1266 728 ut
1290 687 1334 728 ex
1359 685 1511 747 superue·

278 767 444 830 nientibus
460 772 715 852 temptationum
739 775 884 836 tenebris
904 776 1010 855 magis
1026 775 1168 856 probata
1183 776 1387 848 enitesceret,
1412 795 1510 855 quan

279 874 457 937 obscurata
479 876 644 940 deficeret.
668 881 757 942 unde
780 890 871 943 recte
894 882 1028 945 dicitur:
1059 882 1151 944 etde
1173 892 1259 944 nocte
1280 880 1444 952 surrexit,
1479 901 1513 942 ac

277 983 304 1042 si
335 981 479 1046 dicatur:
512 986 554 1046 de
586 995 686 1048 nocte
715 988 960 1052 tribulationum
985 991 1159 1064 innumeri,
1190 991 1246 1072 qui
1270 991 1416 1052 uirorum
1442 1010 1512 1053 cen·

277 1100 392 1154 sentur
423 1095 556 1156 nomine
589 1096 648 1158 sed
681 1095 762 1158 uirili
799 1107 911 1160 carent
944 1097 1151 1172 fortitudine,
1189 1099 1390 1173 deiciuntur3
1430 1096 1512 1158 haec

277 1207 389 1261 autem
421 1220 504 1262 sexu
536 1202 669 1283 quidem
702 1204 818 1266 mulier
849 1206 907 1266 sed
940 1206 1049 1268 animo
1081 1208 1180 1268 etiam
1213 1207 1291 1268 uiris
1322 1205 1442 1266 fortior
1473 1205 1510 1266 de

276 1314 379 1369 nocte
399 1310 552 1384 surrexit,
576 1311 618 1372 de
641 1309 852 1374 tribulatione
876 1312 1023 1394 profecit.
1048 1315 1234 1376 sicutenim
1252 1321 1413 1387 aromata,
1439 1332 1508 1374 cum
1536 1383 1537 1388 η

277 1423 500 1490 conteruntur,
525 1416 621 1480 latius
645 1419 757 1480 odoris
781 1421 829 1481 sui
854 1419 1059 1502 flagrantiam
1084 1421 1284 1494 diffundunt,
1313 1421 1420 1482 itaet
1443 1440 1524 1503 pre-¹

276 1524 362 1584 tiosa
377 1532 505 1604 martyr
521 1525 675 1588 Felicitas
690 1528 881 1608 passionum
905 1530 1065 1609 pressuris
1091 1530 1203 1590 attrita
1226 1537 1332 1590 totam
1351 1527 1506 1589 ecclesiae
1536 1507 1537 1510 Ἴ

275 1630 413 1693 domum
438 1633 557 1694 emissa
581 1633 737 1696 uirtutum
762 1636 925 1697 suauitate
950 1637 1114 1717 respersit.
1139 1636 1228 1716 quod
1253 1637 1340 1697 enim
1359 1636 1505 1703 surrexit,

276 1758 343 1801 non
375 1739 436 1802 sibi
468 1748 596 1802 tantum
619 1742 679 1803 sed
703 1750 737 1803 et
761 1741 831 1804 aliis
855 1742 933 1804 utile
957 1743 1024 1804 luit.
1056 1744 1143 1805 unde
1167 1744 1330 1822 sequitur:
1363 1741 1503 1822 deditque

271 1845 432 1927 praedam
456 1847 637 1910 domesticis
659 1849 736 1920 sui's,
760 1858 791 1909 et
812 1848 936 1910 cibaria
960 1849 1091 1910 ancillis
1113 1850 1189 1911 suis.
1213 1851 1286 1930 quis
1310 1858 1396 1929 'ergo
1418 1848 1497 1910 fuerit

275 1975 353 2016 usus
378 1955 569 2037 spoliorum,
593 1957 635 2017 de
652 1955 772 2036 quibus
796 1956 1001 2037 praedictum
1025 1965 1092 2018 est:
1115 1966 1146 2018 ei
1166 1956 1279 2037 spoliis
1302 1978 1367 2018 non
1393 1955 1516 2036 indige-n

273 2061 326 2132 bit,
342 2061 395 2125 hic
411 2063 567 2139 innuitur;
589 2065 680 2144 quod
697 2064 784 2124 enim
800 2063 917 2143 rapuit,
938 2062 1007 2124 aliis
1024 2062 1201 2140 distribuit;
1218 2083 1323 2144 regno
1340 2065 1485 2126 caelorum

271 2170 340 2231 uim
365 2170 449 2243 fecit,
474 2179 507 2232 et
531 2170 693 2234 uiolenter
716 2171 847 2251 diripuit
871 2169 958 2231 illud.

381 2277 477 2339 Hanc
501 2278 652 2340 nimirum
676 2277 835 2358 praedam
859 2277 1050 2340 domesticis
1073 2279 1139 2338 suis
1163 2277 1270 2350 dedit,
1301 2277 1335 2338 id
1361 2287 1415 2340 est
1439 2297 1495 2359 pro

273 2388 392 2466 posuit,
417 2406 490 2447 sese
507 2387 539 2447 in
556 2384 618 2448 hac
635 2386 820 2466 direptione
845 2385 1035 2446 imitandam
1060 2385 1219 2466 praebuit,
1244 2384 1368 2450 faciens
1387 2384 1493 2450 docuit.
1567 2419 1568 2422 =

273 2494 362 2561 uuod
394 2492 580 2556 faciendum
604 2493 697 2555 dixit.
729 2513 809 2555 sane
834 2493 917 2554 inter
941 2491 1143 2554 domesticos
1171 2493 1266 2574 primi
1291 2489 1515 2575 computandi-‘v

272 2610 349 2664 sunt
373 2600 436 2676 filii,
460 2601 607 2664 omnium
632 2601 744 2681 utique
768 2600 1025 2661 domesticorum
1049 2600 1201 2680 proximi.
1233 2602 1360 2663 cunctis
1386 2601 1492 2663 etenim

272 2709 481 2781 domesticiS,
520 2716 620 2789 prout
657 2706 776 2787 singuli
816 2707 936 2787 quique
975 2726 1093 2787 capere
1132 2714 1305 2788 poterant,
1348 2710 1496 2771 uirtutum
1566 2682 1567 2746 l

271 2815 428 2897 exempla
449 2824 485 2876 et
509 2814 662 2876 salutaris
686 2814 857 2875 doctrinae
881 2814 1007 2874 monita
1030 2814 1062 2873 in
1085 2833 1261 2877 commune
1285 2816 1499 2897 proponebat,

271 2923 447 3007 specialius
470 2932 582 2985 tamen
606 2920 687 2995 filiis,
711 2940 796 3001 quos
820 2940 884 2981 una
900 2940 1012 2983 secum
1028 2922 1070 2982 de
1086 2930 1185 2983 nocte
1202 2922 1354 2985 alacriter
1370 2943 1499 3005 surgere

272 3032 414 3094 uidebat.
446 3029 479 3091 hi
503 3049 645 3110 namque
670 3028 711 3090 ab
737 3029 816 3109 ipsis
840 3026 993 3089 infantiae
1017 3029 1209 3091 rudimentis
1240 3030 1286 3091 ita
1318 3031 1360 3093 de
1387 3032 1500 3093 uirtute
1509 3048 1523 3080 2⁵
1564 3102 1565 3121 ,

271 3140 303 3201 in
334 3140 489 3201 uirtutem
521 3146 656 3200 sanctae
687 3136 800 3199 matris
824 3134 956 3199 hortatu
980 3134 1205 3216 profecerant,
1237 3146 1272 3198 ut
1296 3146 1330 3199 et
1353 3139 1417 3219 ipsi
1444 3140 1499 3200 iam

272 3247 451 3308 secundum
483 3245 587 3307 Isaiae
623 3244 811 3306 uaticinium
846 3241 1045 3304 laetarentur
1076 3262 1187 3305 coram
1220 3244 1386 3320 Domin0,
1425 3246 1501 3306 seint
1562 3266 1564 3277 *

270 3353 421 3415 emiliani
442 3354 576 3416 iit'clores
598 3363 694 3433 capta
712 3350 849 3433 praeda,
873 3349 1002 3430 quando
1025 3350 1179 3413 diuidunt
1199 3352 1313 3433 spoliis.
1338 3361 1373 3413 et
1391 3362 1495 3415 notan·

272 3460 359 3532 dum,
382 3480 482 3542 quam
506 3461 675 3540 signanter
698 3459 824 3520 dictum
848 3458 898 3529 sit,
923 3456 1013 3537 quod
1037 3457 1079 3518 de
1099 3466 1198 3519 nocte
1215 3458 1376 3540 praedam
1395 3462 1491 3522 domi·

271 3567 370 3640 sticis,
393 3575 427 3627 et
443 3566 566 3629 cibaria
587 3565 711 3627 ancillis
733 3563 871 3626 dederit.
894 3562 927 3623 in
944 3562 1088 3625 tenebris
1105 3566 1227 3647 quippe
1252 3565 1494 3628 tribulationum
1502 3590 1517 3623 n
1561 3542 1563 3553 ,

271 3674 476 3753 permaxime
507 3674 728 3735 necessarium
760 3680 812 3732 est
843 3668 1083 3731 exhortationis
1115 3670 1285 3747 solatium,
1316 3692 1359 3733 ne
1394 3673 1498 3736 lumen

272 3777 381 3841 cordis
413 3780 631 3842 immoderato
663 3778 890 3860 temptationis
917 3785 1017 3837 uento
1041 3778 1171 3858 penitus
1194 3780 1421 3859 extinguatur.
1453 3780 1498 3842 illa

272 3906 353 3966 ergo
377 3894 492 3960 nocte,
522 3887 563 3947 dc
588 3906 653 3967 qua
675 3886 843 3967 superiore
867 3884 933 3945 iam
957 3881 1101 3963 capitulo
1124 3884 1185 3946 sub
1207 3886 1356 3948 marinae
1380 3897 1497 3969 tempe·

176 4052 180 4059 ,
272 3992 366 4054 statis
396 3991 500 4073 figura
523 3993 647 4054 dictum
670 4001 738 4065 est,
769 3991 868 4052 beata
892 3987 1044 4050 Felicitas
1067 4008 1222 4070 surgens,
1253 3992 1286 4053 id
1311 4003 1364 4056 est
1387 4002 1497 4057 contra

271 4098 376 4161 hostis
407 4099 617 4179 tyrannidem
647 4101 789 4161 inuictae
822 4096 949 4160 uirtutis
981 4093 1137 4157 uexillum
1160 4099 1307 4180 erigens,
1338 4098 1413 4163 filiis
1436 4100 1496 4162 suis
1505 4118 1524 4157 s

272 4207 428 4288 praedam
444 4225 599 4286 magnam
615 4206 721 4279 dedit,
744 4224 820 4267 cum
837 4223 904 4276 eos,
928 4220 992 4281 qua
1009 4199 1163 4265 uiolentia
1178 4222 1316 4285 regnum
1334 4207 1496 4269 caelorum

272 4314 413 4395 diripere
435 4313 612 4387 deberent,
635 4313 747 4377 docuit
771 4312 902 4374 dicens:
934 4306 1043 4369 uidete
1067 4305 1121 4374 filii
1145 4312 1289 4388 caelum,
1313 4321 1348 4377 et
1372 4331 1495 4377 sursum

378 4454 563 4521 Aſsa&
