3167 5025
1258 279 1313 346 131

85 459 273 523 deflectere
304 463 500 543 aggreditur.
539 460 680 524 infinitas
712 462 798 524 enim
829 463 858 524 ei
889 459 1073 525 diuitiarum
1103 462 1318 544 promittebat

85 570 221 651 copias,
252 569 279 630 si
302 568 531 631 sacrificiorum
556 569 643 631 cultu
667 569 804 632 deorum
827 589 960 632 suorum
983 568 1211 632 honorificaret
1235 590 1316 632 aras.
1353 614 1356 620 -

83 696 177 757 quas
204 696 278 738 cum
301 675 425 739 athleta
448 677 510 738 Dei
534 685 775 753 contemneret,
807 687 840 740 et
862 677 1129 760 incomparabilia
1156 676 1317 740 thesauris

82 785 249 846 or'nnibus
280 785 425 868 praemia
455 787 487 846 in
518 784 616 848 caelis
646 787 706 848 sibi
741 787 886 868 reposita
921 793 1208 859 commemoraret,
1247 792 1316 847 tum

57 891 321 954 sDiocletianus
353 892 397 954 nil
430 914 464 954 se
497 893 656 975 proficere
689 894 804 956 uidens
838 885 1084 967 blandimentis,
1119 900 1315 975 attemptare

83 1001 207 1084 coepit
231 1001 332 1062 minis
358 1002 408 1062 cui
424 1001 553 1063 diuersa
576 1010 814 1064 tormentorum
838 1022 960 1084 genera
983 1002 1152 1083 ipsamque
1176 1008 1315 1062 mortem

83 1108 309 1170 comminanti
338 1109 454 1170 beatus
479 1109 575 1172 Vitus
607 1119 797 1174 constanter
826 1111 886 1171 ait:
918 1108 982 1171 hoc
1013 1117 1063 1171 est
1091 1108 1179 1188 quod
1204 1102 1316 1168 arden·

83 1217 220 1278 tissime
244 1235 375 1298 semper
399 1216 596 1290 desideraui,
628 1225 663 1278 ut
687 1219 728 1278 ad
753 1217 947 1298 promissam
971 1225 1122 1278 aeternae
1146 1214 1316 1276 beatitudi-

82 1326 142 1386 nis
176 1323 315 1406 gloriam
347 1343 421 1384 cum
452 1323 562 1405 palma
592 1324 779 1406 perueniam
811 1325 966 1404 martyrii.
1000 1343 1060 1385 nec
1092 1333 1236 1384 moratus
1261 1316 1316 1383 im·

48 1451 74 1476 10
82 1439 230 1514 perator
252 1452 312 1513 per
335 1433 540 1514 apparitores
563 1451 640 1493 suos
664 1430 818 1492 carcerali
835 1451 892 1493 eos
909 1431 1087 1512 mancipari
1102 1431 1194 1492 iussit
1211 1438 1315 1491 custo·

83 1539 184 1614 diae,
216 1559 278 1601 nec
307 1537 371 1601 hoc
402 1545 576 1600 contentus
607 1557 748 1619 poenam
773 1546 886 1599 ebrum
910 1538 942 1599 in
965 1539 1038 1619 ipso
1061 1538 1199 1599 carceris
1223 1538 1315 1598 auxit

84 1645 255 1726 squalore.
289 1646 437 1709 ducentis
468 1647 554 1708 enim
584 1644 658 1708 ferri
689 1644 777 1708 libris
809 1644 894 1708 colla
926 1665 1038 1707 eorum
1071 1645 1198 1707 onerari
1229 1643 1314 1719 iecit,

83 1755 267 1836 ipsumque
297 1773 462 1816 carcerem
493 1752 589 1815 anulo
617 1773 676 1816 suo
707 1755 841 1835 signans
872 1773 1003 1815 omnem
1028 1753 1140 1815 abeis
1171 1750 1314 1813 humani·

85 1861 169 1922 tatis
202 1862 342 1941 gratiam
372 1861 502 1942 penitus
533 1859 687 1935 exclusit,
719 1862 803 1922 adeo
827 1869 864 1922 ut
886 1881 946 1923 uec
970 1880 1074 1941 aquae
1105 1861 1315 1923 modicuma

50 1996 75 2032 ιε
87 1987 263 2051 quoquam
285 1967 453 2032 hominum
477 1970 644 2051 percipere
668 1968 842 2051 potuerint.
866 1968 924 2029 sed
941 1967 997 2030 ubi
1019 1966 1197 2030 humanum
1213 1967 1315 2031 deluit

88 2075 262 2150 solatium,
294 2077 487 2156 quantocius
517 2075 609 2137 affuit
640 2076 791 2138 diuinum.
824 2076 923 2137 beato
953 2076 1075 2157 quippe
1098 2075 1180 2138 Vito
1202 2061 1315 2138 libera·

92 2192 199 2247 torem
224 2203 318 2246 suum
341 2185 524 2259 inuocante,
548 2192 581 2245 et
604 2185 737 2265 antiqua
760 2185 829 2245 eius
853 2183 1005 2265 prodigia
1020 2185 1053 2246 in
1068 2160 1236 2266 ereptione
1260 2183 1315 2249 illa

94 2293 188 2354 trium
224 2312 400 2375 puerorum
434 2301 727 2366 commemorante,
763 2299 853 2353 totus
888 2311 999 2356 carcer
1029 2292 1148 2354 lumine
1180 2287 1313 2354 caelitus

91 2401 198 2467 inluso
223 2399 439 2482 resplenduit,
466 2402 599 2483 insuper
622 2408 655 2462 et
677 2409 783 2462 terrae
808 2409 917 2462 motus
940 2401 1056 2481 ingens
1079 2399 1215 2463 celerius
1239 2401 1314 2462 affu·
1344 2460 1347 2465 .

59 2534 82 2559 20
90 2522 199 2574 turam
232 2508 359 2571 diuinae
391 2506 624 2571 consolationis
655 2508 838 2590 potentiam
869 2508 1016 2571 innotuit.
1048 2509 1203 2571 continuo
1228 2509 1314 2571 enim

95 2618 246 2700 angelus
270 2615 403 2678 Domini
440 2615 556 2678 uisibili
595 2636 653 2678 eos
691 2615 842 2678 refouens
880 2617 1081 2698 praesentia,
1120 2606 1313 2678 tirunculum

99 2724 214 2787 Christi
237 2724 384 2807 pondere
408 2722 481 2785 ferri
505 2724 697 2805 depressum
720 2744 853 2806 surgere
869 2723 959 2786 iubet
975 2744 994 2785 a
1011 2732 1106 2798 terra,
1129 2723 1312 2812 ferrumque

98 2831 289 2894 dissolutum
322 2832 355 2892 in
390 2831 513 2893 cineres
548 2839 599 2891 est
633 2830 811 2892 redactum.
847 2831 933 2892 unde
968 2832 1000 2892 in
1033 2830 1163 2892 laudem
1194 2829 1313 2893 Christi

91 2948 344 3023 prorumpentes
375 2936 409 2999 hi
439 2946 505 2999 tres
537 2939 629 3019 quasi
660 2958 718 3025 ex¹
737 2957 803 3000 uno
838 2958 895 3000 ore
929 2937 1115 3000 clamabant
1150 2931 1313 3002 dicentes:

57 3068 79 3104 2⁵
88 3047 270 3111 benedictus
292 3045 452 3107 Dominus
474 3044 564 3107 Deus
587 3045 703 3119 Israel,
734 3046 811 3127 queo
835 3046 997 3119 ur‘sr‘taur't,
1027 3056 1059 3108 et
1071 3045 1156 3126 fecit
1176 3046 1312 3129 redemp-

87 3156 207 3218 tionem
224 3153 329 3236 plebis
351 3174 435 3215 suae.
466 3162 577 3215 custos
601 3162 710 3215 autem
734 3154 873 3216 carceris
896 3155 977 3215 tanti
1001 3153 1129 3217 luminis
1151 3153 1312 3236 fulgorem

88 3282 229 3326 cernens
260 3272 293 3323 et
323 3263 429 3324 unitas
452 3262 485 3323 in
509 3261 624 3323 diuinis
655 3261 806 3324 laudibus
833 3271 1021 3324 sanctorum
1046 3283 1144 3325 uoces
1168 3263 1312 3339 audiens,
1382 3273 1385 3277 '

87 3372 281 3453 imperatori
311 3370 459 3432 nuntiare
490 3368 636 3444 festinat,
669 3390 817 3433 asserens
849 3372 952 3432 uirum
983 3370 1210 3433 inaestimabili
1238 3390 1312 3433 con·

88 3482 240 3562 spicuum
264 3476 410 3540 claritate
435 3475 677 3539 consolatorem
700 3478 746 3539 eis
770 3478 901 3552 adesse,
930 3480 1156 3540 suauissimum
1179 3499 1311 3561 quoque

52 3588 230 3655 3oodorem
253 3586 285 3646 in
309 3584 443 3647 sordido
476 3583 531 3646 illo
555 3585 763 3648 tenebrarum
785 3585 860 3648 loco
884 3586 1073 3649 exuberare.
1104 3585 1154 3648 his
1185 3585 1237 3649 ille
1268 3588 1311 3649 ad

88 3693 292 3758 iracundiam
315 3690 533 3755 inflammatus
555 3692 668 3755 bestiis
693 3714 750 3755 eos
774 3694 859 3755 tradi
883 3694 1036 3769 decreuit,
1067 3695 1121 3769 sic,
1153 3684 1310 3779 inquiens,

89 3801 316 3884 experiemur,
348 3786 460 3863 si'Dei
483 3801 533 3862 sui
563 3807 728 3882 potestate
752 3802 794 3863 de
817 3800 967 3862 manibus
998 3779 1118 3864 nostris
1150 3811 1310 3865 eruantur.

91 3929 231 3990 cumque
255 3909 342 3970 iussu
367 3910 435 3971 eius
459 3910 569 3971 educti
592 3909 634 3971 de
658 3930 787 3971 carcere
815 3907 1092 3992 amphitheatrum
1114 3911 1310 3985 introissent,

90 4017 207 4080 beatus
223 4016 321 4078 Vitus
343 4036 405 4099 pro
429 4037 464 4079 se
480 4016 669 4097 intrepidus
694 4037 754 4097 pro
770 4018 898 4078 seniore
914 4025 1024 4078 autem
1039 4016 1139 4080 beato
1154 4017 1309 4079 Modesto

53 4126 144 4208 sspie
168 4121 333 4198 sollicitus,
357 4144 398 4187 ne
422 4122 504 4186 forte
528 4144 589 4206 pro
613 4122 765 4186 exhausti
789 4126 936 4207 corporis
960 4124 1128 4187 debilitate
1144 4126 1176 4186 in
1191 4144 1310 4207 propo-

91 4234 155 4295 sito
179 4231 336 4293 titubaret
359 4250 475 4312 agone,
496 4232 678 4313 prudenter
701 4250 775 4293 eum
800 4252 1009 4295 commonere
1033 4233 1158 4294 curauit
1181 4232 1309 4294 dicens:

92 4340 142 4403 eia
173 4339 281 4401 senior
307 4339 406 4412 iuste,
438 4336 529 4401 fortis
553 4347 624 4403 esto
649 4348 681 4401 et
705 4339 940 4422 imperterritus
963 4340 1088 4413 animo,
1120 4338 1315 4401 lassescenti·

199 4476 240 4528 26.
261 4480 321 4528 Luc.
346 4492 366 4542 1,
387 4474 428 4528 68.

1131 4549 1168 4615 9*
