3167 5025
231 225 296 292 124

231 404 415 488 profecerat
438 425 500 468 nec
523 403 670 485 flagellis,
694 405 822 488 plangit
845 406 945 470 filium
968 407 1098 470 unicum
1122 408 1215 489 quasi
1238 414 1418 470 amentem
1436 414 1474 467 et

230 515 424 595 periturum,
456 513 603 576 nesciens
634 511 717 576 illius
748 512 887 576 salutem
917 535 980 578 nec
1006 535 1099 579 suam
1121 516 1326 598 prospiciens
1348 515 1477 597 perdi·

231 623 362 682 tionem.
387 619 463 681 hinc
486 628 536 681 est
560 620 649 701 quod
674 621 784 683 denuo
808 623 925 684 eadem
948 622 1093 704 replicat,
1116 623 1300 685 insensatus
1315 623 1477 704 sapienti

230 728 429 810 persuadere
453 727 616 790 incassum
642 727 776 791 laborat.
808 749 890 810 puer
914 738 1024 816 autem
1047 729 1211 792 seniorem
1241 730 1326 792 iuste
1348 730 1478 791 redar-
1580 799 1582 814 ί

230 836 310 916 guit,
334 834 417 897 filius
441 843 568 916 patrem
593 835 647 917 pie
669 837 807 910 instruit,
831 836 1013 901 exhibitam
1036 860 1097 921 per
1119 839 1285 902 Christum
1306 837 1511 918 redemps

230 943 328 1006 tionis
352 943 492 1024 gratiam
516 949 550 1003 et
574 943 667 1004 unius
691 943 754 1006 Dei
778 946 934 1026 proponit
965 945 1133 1009 culturam.
1179 947 1326 1009 Domino
1358 945 1475 1006 etiam
1580 938 1582 949 ’

231 1059 432 1132 cooperante
457 1069 555 1112 omne
571 1050 661 1131 quod
677 1049 821 1133 loquitur
836 1073 985 1133 congruo
1000 1053 1270 1135 subsequentium
1286 1053 1473 1132 signorum

231 1159 420 1219 testimonio
444 1156 672 1231 confirmatur,
704 1159 792 1220 caeci
816 1179 877 1240 per
899 1179 973 1220 eum
996 1161 1127 1222 reddito
1156 1160 1219 1222 sibi
1241 1160 1313 1222 uisu
1338 1160 1472 1221 laetan-

231 1274 297 1340 tur,
320 1263 441 1346 leprosi
465 1264 676 1340 mundantur,
700 1265 881 1328 daemones
904 1265 1111 1329 nihilominus
1134 1267 1247 1329 audito
1270 1272 1312 1328 eo
1337 1267 1382 1328 ab
1408 1266 1472 1328 ob

231 1372 330 1432 sessis
361 1370 539 1452 refugiunt,
571 1370 743 1453 paralytici
774 1373 882 1435 claudi
911 1373 964 1436 uel
996 1374 1140 1454 qualibet
1171 1374 1381 1454 aegritudine
1409 1375 1507 1436 ‹ie-10
1580 1452 1581 1455 Ἴ

231 1480 335 1562 pressi
366 1487 516 1560 optatam
547 1481 795 1542 interuentionis
825 1482 894 1542 eius
925 1480 1089 1543 medelam
1120 1482 1277 1544 continuo
1304 1483 1465 1544 sentiunt.
1554 1460 1558 1469 Ι

232 1586 281 1648 his
312 1587 467 1648 uirtutum
499 1587 597 1649 radiis
628 1586 728 1667 longe
759 1586 892 1670 lateque
926 1588 1174 1651 coruscantibus
1207 1588 1345 1651 lucerna
1379 1588 1464 1651 haec

232 1693 365 1756 ulterius
390 1693 548 1756 abscondi
572 1714 638 1755 non
659 1695 775 1776 potuit,
800 1695 858 1757 sed
875 1696 918 1756 ad
935 1695 1160 1758 illustrandam
1176 1704 1284 1757 totam
1300 1695 1462 1758 ecclesiae

232 1801 368 1863 domum
392 1820 490 1882 super
513 1800 746 1863 candelabrum
763 1803 842 1884 poni
858 1803 984 1866 meruit.
1009 1803 1096 1864 unde
1111 1803 1308 1866 Valerianus
1326 1823 1453 1885 praeses

231 1908 367 1988 cognito
392 1907 497 1970 lamae
521 1906 615 1970 huius
638 1908 767 1982 indicio,
792 1910 884 1989 quasi
909 1929 969 1991 pro
993 1909 1131 1970 deorum
1151 1909 1265 1971 iniuria
1281 1920 1392 1972 motus
1403 1918 1479 1971 estre

233 2016 350 2090 animo,
374 2024 408 2078 et
431 2023 559 2096 patrem
583 2035 644 2096 pro
668 2013 733 2076 filio
754 2014 836 2077 infra
851 2036 956 2078 annos
971 2015 1079 2078 adhuc
1095 2017 1207 2098 posito
1221 2035 1446 2100 responsurus

232 2142 420 2184 conuocans
454 2122 498 2184 ait
531 2123 575 2184 ei:
610 2121 710 2185 filium
743 2131 836 2184 tuum
869 2144 888 2184 a
920 2122 1078 2204 religione
1111 2125 1248 2186 deorum
1281 2124 1454 2187 alienatum

232 2229 377 2305 audiens
401 2237 434 2290 et
458 2229 516 2292 tibi
540 2238 708 2310 tamquam
732 2231 851 2292 orbato
874 2229 918 2292 illi
935 2239 1102 2312 tamquam
1118 2230 1249 2312 perdito
1275 2232 1459 2294 condolens

233 2335 405 2418 dupliciter
428 2325 624 2416 ingemisco,
653 2358 691 2400 ac
715 2339 742 2399 si
765 2339 843 2420 quid
867 2338 1004 2401 remedii
1027 2348 1120 2400 tanto
1143 2337 1218 2400 huic
1240 2338 1331 2402 malo
1356 2340 1462 2422 possit

233 2442 388 2519 adhiberi,
412 2443 510 2504 anxie
534 2463 663 2506 mecum
686 2453 862 2527 pertracto,
887 2446 1026 2528 proinde
1049 2444 1200 2508 tribunali
1223 2455 1342 2508 nostro
1364 2467 1495 2529 quan-20

232 2552 338 2615 tocius
362 2560 598 2633 praesentetur,
622 2561 657 2614 ut
681 2554 846 2614 communi
869 2554 954 2616 inter
976 2573 1038 2616 nos
1054 2553 1257 2616 discussione
1274 2575 1377 2616 causa
1392 2556 1464 2617 eius

232 2658 414 2721 uentiletur.
439 2658 612 2721 adducitur
634 2660 744 2740 itaque
768 2670 801 2721 et
824 2660 943 2722 iudicio
967 2661 1089 2723 sistitur
1112 2680 1217 2723 nouus
1240 2660 1293 2723 ille
1314 2672 1349 2723 et
1365 2664 1465 2725 nimis
1580 2669 1582 2755 l

233 2766 340 2829 adhuc
363 2775 457 2829 tener
480 2767 669 2842 causidicus
692 2766 849 2849 loquente
872 2770 905 2829 in
928 2788 965 2830 se
981 2767 1103 2850 Spiritu
1126 2778 1242 2831 sancto
1264 2769 1369 2831 diuini
1383 2771 1464 2833 iuris
1580 2760 1582 2780 l

231 2876 392 2937 rationem
417 2874 611 2937 redditurus
635 2875 677 2936 ad
698 2894 797 2956 quem
813 2896 963 2956 praeses:
988 2896 1053 2951 cur,
1076 2877 1279 2957 inquit,‘n0n
1293 2876 1465 2941 sacrificas

232 2983 309 3057 diis,
341 2982 396 3064 qui
428 2979 579 3044 coluntur
602 3002 623 3042 a
644 2982 834 3063 parentibus
858 2984 922 3044 tuis
945 2992 979 3045 et
1003 2982 1044 3045 ab
1075 2984 1329 3065 imperatoribus
1360 2984 1496 3067 ipsisias
1579 2999 1582 3054 Ι

231 3090 260 3151 si
283 3110 344 3171 pro
376 3098 485 3151 aetate
516 3087 623 3151 adhuc
654 3090 827 3152 immatura
850 3090 902 3152 uel
925 3092 1059 3171 ignoras
1080 3090 1134 3152 uel
1157 3092 1366 3173 perpendere
1392 3114 1465 3155 non

232 3217 326 3258 curas
350 3198 459 3259 edicta
482 3196 621 3279 publica,
645 3216 731 3259 nunc
754 3197 872 3259 saltem
896 3216 981 3278 quae
1004 3198 1174 3261 nesciebas
1197 3200 1287 3261 disce
1311 3208 1383 3261 tam
1398 3221 1463 3283 pro
1580 3185 1582 3290 l

233 3305 488 3366 commonitione
523 3313 662 3386 patema
694 3324 792 3386 quam
824 3324 885 3387 pro
916 3305 1118 3367 districtione
1149 3306 1323 3368 iudiciaria
1364 3308 1462 3369 inuic-

233 3411 431 3474 tissimorum
455 3411 590 3474 decreta
612 3412 796 3494 principum
826 3411 956 3474 adorari
979 3411 1157 3494 prohibent
1180 3411 1346 3474 Christum
1370 3413 1456 3476 illum

232 3518 265 3578 in
276 3516 401 3595 Judaea
418 3519 585 3599 quondam
607 3517 806 3592 crucifixum,
830 3518 1128 3599 transgressoribus
1143 3527 1253 3581 autem
1270 3528 1303 3581 et
1319 3520 1486 3587 deoruma⁸

232 3624 464 3689 immortalium
488 3626 770 3709 contemptoribus
794 3627 909 3687 mortis
932 3627 1080 3688 imminet
1103 3626 1305 3708 supplicium.
1580 3557 1582 3694 l

339 3730 460 3795 Beatus
484 3753 562 3795 uero
575 3734 672 3800 Vitus
696 3753 757 3796 nec
780 3742 939 3816 paternae
962 3733 1143 3796 dulcedinis
1166 3732 1305 3795 trahitur
1328 3735 1461 3812 affectu,

232 3857 294 3899 nec
325 3838 509 3901 iudiciariae
531 3840 706 3923 potestatis
731 3849 870 3903 terretur
893 3849 1045 3923 aspectu,
1077 3841 1210 3921 eiusque
1240 3860 1277 3902 se
1307 3844 1461 3905 muniens
1577 3787 1582 3908 l

233 3944 411 4025 signaculo,
435 3948 609 4027 proculus
633 3955 703 4009 erat
727 3948 890 4015 adductus
913 3948 1111 4023 testimoni0‚
1135 3947 1233 4009 iudici
1255 3947 1359 4019 libera
1375 3972 1460 4013 uoce
1568 3913 1579 4022 l

233 4053 420 4136 respondit:
452 4053 565 4115 erratis
597 4063 630 4115 et
660 4075 721 4116 uos
744 4063 777 4115 et
801 4055 965 4137 principes
996 4055 1096 4117 uestri
1119 4055 1152 4116 in
1175 4055 1317 4118 decretis
1341 4067 1496 4125 contrari
1568 4042 1576 4132 l

233 4161 388 4223 iustitiam
419 4160 530 4234 editis,
562 4161 616 4240 qui
647 4181 708 4223 nos
739 4162 781 4224 ad
813 4162 970 4223 creatoris
1000 4162 1146 4225 iniuriam
1172 4162 1313 4225 adorare
1337 4166 1460 4246 cogitis
1570 4143 1576 4261 Ι

232 4278 424 4333 ¹creaturam.
448 4268 507 4335 sed
532 4268 616 4329 absit
633 4288 652 4329 a
668 4288 728 4343 me,
753 4278 788 4330 ut
804 4270 965 4332 ceruicem
989 4290 1097 4331 meam
1112 4271 1181 4333 eius
1196 4272 1275 4351 iugo
1291 4281 1461 4334 assuetam
1569 4271 1575 4286 ¹

234 4377 432 4441 daemonum
455 4374 594 4436 ludibrio
618 4374 730 4435 uidear
753 4374 909 4461 subicere,
934 4375 1145 4456 debitumque
1169 4376 1213 4437 illi
1235 4375 1398 4439 honorem
1414 4381 1460 4443 ad
