3167 5025
1267 209 1313 288 69

67 407 169 476 cuius
194 407 306 476 salute
329 433 397 474 non
421 406 508 476 aliud
531 407 691 495 impendit
714 407 856 495 pretium
879 426 979 494 quam
1001 427 1036 474 se
1060 409 1176 493 ipsum,
1200 409 1312 490 utique

66 522 367 602 pretiosissimum.

186 629 258 692 Hic
289 648 372 710 ergo
401 628 491 691 solus
522 648 654 691 omnem
684 630 771 692 uiam
803 627 991 710 disciplinae
1027 626 1211 701 adinuenit,
1248 646 1314 707 qua

69 735 210 798 filiciter
244 737 412 804 inuentam
442 735 575 798 beatam
598 734 802 799 Felicitatem
826 735 1013 800 informauit
1036 742 1070 796 et
1092 733 1248 807 erudiuit,
1278 741 1314 796 ut

49 843 270 905 §secundum
302 843 444 905 nominis
476 844 525 904 sui
557 843 764 924 praesagium
798 841 985 906 felicitatem
1016 850 1210 924 perpetuam
1240 841 1313 923 ipso

72 952 266 1013 adiuuante
289 952 433 1012 inuenire
458 953 619 1013 meruerit.
644 952 782 1033 proinde
802 951 896 1012 iuxta
911 949 1069 1013 moralem
1086 969 1217 1013 sensum
1227 947 1315 1012 'haec

71 1058 147 1139 ipsa
186 1060 352 1120 uirtutum
387 1057 555 1140 opulentia
589 1059 744 1122 diuinitus
778 1059 808 1120 ei
842 1057 1005 1122 collocata
1039 1058 1180 1140 pretium
1214 1057 1314 1139 ipsius

74 1164 249 1248 appellari
272 1173 394 1248 potest,
424 1167 501 1247 quia
524 1186 567 1228 ex
590 1165 653 1228 hac
676 1167 822 1248 pretiosa
845 1167 877 1228 in
901 1173 1082 1248 conspectu
1105 1165 1239 1228 Domini
1263 1173 1316 1247 ap*

75 1275 200 1355 paruit.
246 1281 375 1336 tantum
414 1285 573 1353 namque
595 1275 627 1336 in
666 1273 837 1336 animabus
871 1271 1015 1336 fidelium
1051 1272 1233 1336 sanctitatis
1268 1278 1318 1332 est

53 1382 252 1460 mpretium,
273 1389 309 1442 ut
333 1389 367 1442 et
390 1380 560 1462 mali„qui
582 1380 706 1442 bonum
730 1379 795 1442 hoc
818 1401 885 1444 non
909 1381 951 1442 ad
975 1379 1168 1442 imitandum
1192 1379 1251 1442 sed
1276 1376 1318 1440 ad

84 1488 351 1551 subuertendum
373 1497 559 1569 quaerunt,
594 1507 751 1569 magnum
782 1496 816 1549 et
848 1486 1022 1568 multiplex
1053 1485 1129 1549 licet
1159 1486 1319 1550 inuidiosa

81 1597 320 1658 aestimatione
344 1594 497 1658 iudicent.
528 1596 618 1656 aiunt
641 1596 728 1658 enim
752 1593 906 1659 lactando
930 1592 1074 1656 fautores
1098 1614 1175 1656 suos
1199 1592 1319 1658 similes
1344 1643 1346 1650 ,

83 1703 158 1765 sibi:
202 1703 441 1768 abscondamus
471 1703 650 1767 tendiculas
679 1712 789 1764 cantra
820 1703 991 1774 insontem,
1026 1711 1060 1765 et
1090 1711 1167 1784 post
1195 1719 1320 1784 pauca:

85 1831 212 1874 emnem
250 1808 425 1891 pretiosam
461 1810 675 1872 substantiam
714 1801 922 1891 reperiemus:
967 1809 1168 1890 implebimus
1213 1805 1323 1872 dimas

54 1928 220 1979 xsnostras
243 1917 366 1998 spoliis.
388 1938 409 1979 o
431 1937 531 1998 quam
555 1937 667 1980 uerum
690 1917 723 1979 in
745 1913 809 1979 hac
832 1925 927 1998 parte
950 1917 1153 1980 inimicorum
1177 1917 1321 1978 testimo·

87 2025 195 2087 niuml
222 2045 355 2096 omnem,
378 2025 545 2106 inquiunt,
553 2025 730 2107 prettbsam
753 2024 987 2098 substanttam·
1015 2024 1094 2087 nihil
1117 2025 1204 2086 enim
1227 2020 1321 2085 deest

91 2132 286 2195 timentibus
310 2131 427 2194 Deum.
450 2132 569 2194 caritas
593 2132 730 2214 quippe,
760 2152 844 2212 quae
868 2131 901 2194 in
925 2152 1039 2195 eorum
1063 2131 1215 2195 cordibus
1239 2131 1322 2212 prin*

95 2239 245 2320 cipaliter
268 2248 394 2319 regnat,
417 2249 493 2302 cuin
516 2239 605 2300 bona
628 2239 739 2302 omnia
761 2240 794 2300 in
818 2259 853 2300 se
878 2240 1054 2315 contineat,
1078 2259 1190 2302 eorum
1215 2239 1324 2319 etiam,

98 2365 176 2424 quae
201 2347 322 2408 deesse
345 2347 506 2420 uidentur,
529 2355 701 2410 consortes
725 2367 783 2408 eos
807 2337 898 2410 faciti

201 2452 271 2517 Cur
291 2462 401 2517 autem
424 2451 489 2518 hoc
513 2454 653 2535 pretium
677 2452 770 2516 lortis
794 2452 888 2517 huius
914 2453 1054 2518 mulieris
1078 2452 1192 2537 procul
1225 2461 1258 2515 et
1282 2452 1324 2517 de

99 2559 217 2624 ultimis
240 2560 359 2625 finibus
372 2582 455 2634 ,esse
479 2560 615 2625 dicitur?
648 2562 724 2642 quia
748 2561 901 2625 uidelicet
924 2584 1015 2627 amue
1036 2562 1148 2625 datum
1172 2561 1325 2643 optimum
1397 2599 1400 2609 ·

106 2678 131 2727 et
150 2690 238 2731 omne
260 2666 379 2730 donum
395 2670 574 2749 pers‘ectum
597 2668 764 2730 desursum
788 2678 841 2741 est,
866 2670 1053 2732 descendens
1076 2691 1097 2731 a
1114 2680 1211 2751 patre
1233 2667 1325 2731 lumi-

111 2794 186 2837 num.
207 2775 321 2857 procul
346 2796 427 2857 ergo
452 2796 471 2837 a
494 2775 667 2839 desidiosis
692 2794 730 2837 ac
754 2774 998 2859 negligentibus
1023 2784 1056 2839 et
1083 2777 1148 2838 ima
1171 2770 1326 2858 quaer'en·

113 2881 199 2958 tibus
220 2905 303 2965 quos
319 2883 436 2945 beatus
454 2882 624 2965 apostolus
641 2883 695 2964 pia
711 2881 953 2946 exhortationis
971 2904 1067 2946 manu
1085 2884 1179 2965 erigit
1196 2884 1325 2946 dicens:

78 3010 181 3068 aquae
207 3012 337 3054 sursum
368 3001 444 3052 suut
464 2990 621 3072 quaem'te,
651 3011 732 3071 quae
759 3011 887 3054 sursum
911 3002 986 3054 sunt
1006 2991 1123 3073 sapite,
1155 3012 1216 3053 nan
1247 3006 1328 3072 quae

104 3110 194 3179 siner
215 3109 346 3162 temam.
376 3097 547 3161 mulierem
568 3098 667 3179 igitur
690 3106 758 3159 tam
786 3096 921 3173 fortem,
952 3107 1020 3161 tam
1052 3100 1230 3181 pretiosam
1254 3098 1326 3179 quis

104 3216 250 3271 nostrum
273 3207 433 3280 inueniet,
450 3225 541 3272 ,cum
565 3203 679 3286 procul
708 3214 741 3266 et
773 3205 816 3267 de
840 3204 959 3267 ultimis
982 3204 1099 3267 finibus
1123 3207 1165 3267 sit
1188 3206 1328 3287 pretium

104 3314 189 3377 eius?
210 3315 396 3396 quaerimus
411 3312 604 3395 plerumque
620 3312 862 3375 intercessionis
879 3313 947 3375 eius
963 3312 1149 3377 inuocando
1166 3312 1329 3393 suffragia,

104 3423 160 3484 sed
192 3420 300 3485 multo
329 3421 489 3483 attentius
517 3420 706 3500 quaerenda
722 3431 726 3436 '
740 3429 816 3483 sunt
847 3421 894 3483 ad
922 3421 1115 3486 imitandum
1145 3421 1329 3483 sanctitatis

75 3528 169 3590 socius
192 3528 349 3608 uestigia.
376 3527 502 3589 'uiderit
532 3528 771 3608 unusquisque,
805 3527 888 3609 quid
920 3536 952 3589 et
984 3528 1153 3609 quomodo
1182 3536 1329 3609 'quaerat

104 3632 302 3715 quibusdam
325 3636 410 3697 enim
434 3635 580 3697 diuinum
603 3636 809 3699 necessitatis·
833 3644 982 3718 tempore
1004 3635 1160 3701 auxilium
1176 3644 1330 3717 quaeren-

22 3825 23 3828 ,
104 3744 190 3829 tibus
214 3743 274 3812 sed
297 3750 388 3805 recte
406 3742 551 3805 uiuendi·
567 3740 737 3809 consilium
761 3742 813 3804 uel
838 3742 1028 3825 exemplum
1047 3745 1079 3807 in
1096 3743 1330 3825 tranquillitate

23 3875 24 3884 ¹
106 3850 349 3935 negligentibus
377 3860 442 3931 'per
472 3850 592 3914 Isaiam
621 3849 754 3912 dicitur:
787 3848 821 3909 si
853 3850 1024 3931 quaen'tis,
1058 3851 1207 3933 quaen'te.
1241 3850 1333 3932 quod

106 3959 234 4039 planius
250 3958 437 4039 exponitur,
461 3977 536 4019 cum
552 3956 663 4019 statim
679 3954 899 4036 subiungitur:
921 3957 1150 4031 cunderammi,
1173 3957 1332 4019 etuenite.

78 4074 196 4129 ssrecte
219 4065 360 4147 quippe,
390 4065 480 4145 quod
505 4063 721 4147 supplicando
746 4064 891 4143 quaerit,
921 4075 1064 4127 meretur
1085 4064 1247 4140 inuenire,
1277 4066 1333 4145 qui

109 4174 150 4235 ad
173 4156 257 4261 eum,
281 4173 333 4236 cui
356 4172 528 4253 supplicat,
552 4172 694 4234 uiuendo
718 4171 830 4232 studet
853 4174 1031 4253 peruenire.
1056 4182 1138 4237 uere·
1156 4168 1236 4235 felix
1252 4172 1335 4253 quis·

218 4326 257 4380 15.
278 4288 353 4365 t’rou}
376 4327 397 4374 r,
422 4328 449 4362 11
472 4323 496 4363 et
519 4327 557 4375 ¹3-
576 4335 612 4349 -·
630 4324 671 4375 23.
692 4314 744 4377 Jac.
768 4326 788 4373 1,
813 4323 850 4374 17.
865 4342 899 4349 —
914 4310 954 4363 26.
975 4314 1030 4363 Col.
1054 4327 1076 4375 3,
1101 4328 1110 4363 1
1133 4330 1169 4379 sq.
1183 4337 1219 4349 -ι
1234 4326 1275 4377 34.
1295 4316 1330 4379 Js.

110 4417 154 4465 ἀι,
177 4418 216 4453 12.
