3167 5025
1263 272 1308 333 ‘2'1'

76 448 110 521 et
131 448 281 541 ²giatuita
299 476 398 541 super
412 447 560 543 ingratos
577 451 813 524 beneficiorum
827 460 895 524 eius
911 454 1092 527 affluentia!
1116 460 1311 547 prophetiae

76 569 172 629 dono
195 587 370 649 peruersus
393 567 580 645 infunditur,
605 571 752 649 mysticis
777 570 914 651 eloquiis
938 572 980 633 ab
1003 592 1053 647 eo,
1077 572 1128 634 cui
1152 570 1312 634 honorem

75 674 208 735 deferre
239 676 483 751 contemnebat,
516 676 711 751 honoratur,
744 668 836 759 larga
867 678 929 740 Dei
960 679 1109 741 bonitate
1141 678 1228 741 malo
1250 684 1311 741 suo

75 782 183 843 malus
201 782 355 845 abutitur.
380 793 456 866 post
474 785 584 846 omnia
601 786 722 867 quippe
739 784 792 847 illa
817 787 946 848 diuinae
963 788 1162 867 dignationis
1178 788 1311 859 monita,

58 900 156 971 spost
180 898 323 973 accepta
346 890 505 972 largitatis
529 893 597 953 eius
621 891 796 968 beneficia,
829 914 903 957 eum
928 893 1074 976 pluribus
1099 896 1162 956 iam
1187 896 1312 977 experi-

87 1000 197 1060 mentis
224 999 402 1073 didicisset,
427 1000 516 1080 quod
538 1000 646 1061 aDeo
671 1000 854 1063 benedictis
879 993 1074 1064 maledicere
1098 1022 1165 1064 non
1189 1011 1311 1084 posset,

47 1102 49 1105 ’
87 1105 289 1167 fraudulento
314 1116 412 1168 nocet
437 1107 590 1182 consili0,
615 1108 732 1188 quibus
756 1108 945 1190 praeualere
969 1130 1036 1171 non
1061 1110 1312 1191 permittebatur

85 1208 267 1274 maledicto.
304 1214 359 1274 ubi
389 1223 541 1295 patenter
572 1216 733 1289 ostendit,
767 1216 934 1278 sublatam·
955 1218 1094 1297 quidem
1125 1217 1186 1279 sibi
1217 1217 1312 1279 male·

75 1321 233 1381 dictionis
251 1308 461 1401 potestatem,
486 1322 605 1384 malam
622 1342 701 1384 uero
718 1342 784 1384 non
801 1322 941 1385 defuisse
966 1324 1177 1387 uoluntatem.
1202 1327 1312 1406 itaque

51 1428 183 1489 ¹0totam
218 1428 305 1491 hanc
336 1430 465 1491 diuinae
497 1431 690 1491 uisitationis
722 1432 1001 1512 dispensationem
1026 1433 1068 1494 ad
1093 1432 1312 1494 damnationis

82 1538 224 1617 suscepit
251 1522 425 1610 cumulum,
449 1558 514 1599 uon
540 1539 581 1598 ad
606 1540 820 1601 correctionis
845 1540 1050 1601 adiutorium.
1234 1540 1239 1547 ’

185 1642 255 1703 Sed
281 1644 403 1705 utinam
429 1642 512 1705 illius
536 1646 701 1727 correptio
725 1654 839 1707 nostra
856 1644 912 1706 liat
929 1647 1126 1720 emendatio
1151 1647 1311 1728 nobisque

83 1751 257 1831 proueniat
282 1751 323 1811 ad
341 1750 610 1824 aedificationem,
635 1754 723 1839 quod
743 1752 787 1813 illi
807 1754 908 1814 creuit
926 1754 967 1814 ad
985 1754 1311 1816 condemnationem!

80 1856 230 1919 fidelibus
272 1878 415 1939 iramque
447 1859 593 1921 scribens
628 1860 854 1941 apostolorum
887 1861 1039 1944 princeps
1071 1869 1104 1921 et
1136 1881 1311 1942 prauorum
1375 1890 1377 1892 ·

51 1968 146 2034 unias
178 1966 401 2045 redarguens,
440 1975 475 2027 ut
507 1967 548 2028 ab
580 1986 692 2028 eorum
724 1988 785 2029 nos
816 1969 999 2029 imitatione
1029 1968 1210 2043 deterreat,
1249 1970 1311 2030 ait:

81 2074 332 2155 derelinquentes
362 2084 479 2135 rectam
503 2065 601 2135 'eez'nrn
631 2086 835 2146 errnnertmt,
866 2077 966 2137 secreti
993 2076 1084 2137 niam
1107 2076 1248 2138 Balaam
1272 2097 1313 2137 ex

88 2182 186 2253 liosor,
210 2181 271 2262 qni
293 2180 464 2242 intercedent
489 2180 670 2261 irn'qtn'tatis
693 2182 826 2254 narranti,
859 2184 1081 2263 eorreptionem
1104 2205 1178 2244 nero
1201 2175 1314 2244 lrabeat

91 2300 161 2347 seiae
188 2288 355 2360 nasaniae,
386 2287 553 2367 srtbingale
582 2298 705 2349 attritam
737 2289 880 2360 animal,
912 2290 1052 2352 bortrinis
1080 2312 1153 2353 noce
1175 2290 1312 2371 lupercus,

87 2394 246 2473 prohibuit
261 2395 438 2477 prophetae
461 2396 686 2476 insipientiam.
720 2397 805 2458 bene
837 2407 946 2459 autem
971 2400 1002 2459 in
1028 2398 1133 2459 Bosor
1164 2397 1312 2459 habitare

59 2502 200 2565 rsdicitur
232 2502 376 2565 Balaam.
419 2503 491 2584 ipsa
526 2503 648 2585 quippe
684 2504 911 2586 interpretatio
946 2506 1115 2567 nominum
1151 2506 1312 2587 iniquitati

91 2611 154 2670 eius
187 2611 338 2692 perhibet
372 2611 613 2672 testimonium:
653 2611 786 2673 llalaam
826 2613 986 2692 siquidem
1023 2633 1125 2674 uanus
1161 2613 1311 2695 populus,

94 2716 193 2778 llosor
226 2720 457 2801 interpretatur
491 2718 674 2797 tribulatio,
711 2729 743 2780 et
771 2741 856 2800 quae
891 2723 1125 2800 congruentior
1160 2721 1312 2782 uanitatis

97 2821 261 2900 habitatio,
289 2847 388 2908 quam
412 2826 482 2899 illa,
507 2847 591 2907 quae
616 2828 657 2889 ab
686 2827 840 2909 apostolo
864 2838 1148 2902 commemoratur,
1172 2829 1227 2889 ubi
1251 2829 1311 2889 ait:

92 2931 144 2991 ira
165 2943 196 2994 et
216 2933 397 3015 elitzgrnan’n,
421 2934 586 2996 tribulana
608 2945 638 2996 et
652 2935 804 3014 anaginna
821 2937 854 2996 in
870 2957 993 2997 cantitent
1010 2936 1156 2997 animam
1172 2934 1313 2996 libaninis

51 3041 245 3119 spernant·
257 3042 404 3104 maliem?
428 3043 535 3104 anima
559 3043 643 3103 enim
661 3061 680 3104 a
697 3043 905 3123 suscipienda
928 3044 975 3104 sui
992 3044 1135 3104 auctoris
1151 3043 1312 3103 suauitate

82 3146 223 3210 alienata
266 3158 298 3210 ct
334 3147 387 3210 hic
422 3168 534 3210 ainata
569 3169 700 3230 semper
734 3150 934 3229 inquietatur
964 3150 1180 3222 conscientia,
1211 3158 1244 3210 et
1280 3151 1310 3210 in

80 3265 186 3328 tuturo
222 3277 285 3338 pro
313 3255 533 3319 delectatione
558 3257 744 3318 transitoria
768 3266 921 3318 aeternae
946 3254 1170 3318 amaritudinis
1194 3257 1312 3318 sentiet

78 3372 253 3426 tormenta.
287 3383 400 3425 uerum
432 3373 466 3425 ut
498 3366 529 3425 in
561 3363 657 3424 nobis
689 3363 908 3445 compleatur,
941 3365 1031 3444 quod
1064 3365 1312 3446 scriptumest:

70 3471 241 3550 pestilente
265 3469 437 3553 flagellato
468 3471 644 3552 sapientior
672 3472 733 3532 erit
759 3471 938 3552 parrenlns,
970 3471 1156 3534 deuotionis
1179 3482 1312 3533 nostrae

46 3579 236 3642 t-‚affectum
271 3589 404 3640 moueat
436 3575 609 3640 incorrecti
641 3577 734 3640 liuius
758 3578 892 3640 Balaam
918 3588 1135 3660 contemptus.
1168 3579 1210 3641 ad
1237 3579 1312 3642 effu·

73 3689 224 3766 galiciam
257 3707 276 3748 a
307 3687 402 3748 nobis
434 3687 647 3768 cupiditatem
683 3687 915 3767 sanandosque
953 3686 1096 3767 reliquos
1132 3688 1311 3748 animarum

73 3805 267 3858 nostrarum
292 3792 467 3873 languores
491 3793 662 3854 saluatoris
686 3815 747 3856 nos
771 3795 876 3874 gratia
904 3795 1026 3855 uisitari
1043 3803 1203 3875 optemus
1228 3814 1313 3855 eum·

72 3925 134 3983 que
160 3913 237 3964 tam
262 3901 492 3982 corripientem
517 3910 550 3962 et
574 3901 667 3962 minis
691 3909 868 3962 terrentem
893 3921 991 3980 quam
1021 3901 1190 3982 promissis
1227 3900 1313 3961 blan·

72 4010 227 4072 dientem
248 4007 391 4070 iucundo
417 4029 547 4089 semper
570 4008 787 4088 susceptionis
804 4016 964 4088 apparatu
982 4007 1188 4068 honoremus,
1213 4027 1312 4087 porro

43 4135 143 4191 istros,
178 4115 395 4189 dilectissimi,
426 4115 673 4177 considerantes
705 4113 790 4175 hunc
822 4113 986 4176 hariolum
1012 4122 1105 4175 tanta
1128 4112 1312 4194 prophetici

74 4225 214 4306 spiritus
250 4220 449 4284 sublimitate
488 4223 692 4303 insignitum,
732 4230 926 4302 contempto
966 4223 1109 4283 muneris
1148 4221 1311 4300 largitore,

191 4379 229 4429 lq.
260 4365 295 4413 Il.
324 4365 377 4413 Pet.
408 4377 431 4427 2,
462 4375 490 4428 15
523 4382 559 4428 sq.
586 4391 621 4400 —-
647 4373 689 4426 ²5·
711 4365 785 4411 Rom.
816 4375 839 4423 2,
867 4363 927 4411 8et
946 4380 970 4427 9.
996 4392 1031 4399 —-
1057 4376 1098 4427 29.
1120 4364 1194 4411 Prou.
1218 4375 1256 4425 19,
1278 4372 1310 4424 25

3 4495 4 4498 ,
76 4463 101 4503 et
123 4468 166 4518 21,
194 4467 238 4505 115
