3167 5025
274 251 318 313 80

275 448 363 509 ciens
387 468 517 529 agrum,
541 457 685 510 mercata
709 457 767 510 est.
792 450 1012 531 prospiciens,
1044 449 1163 530 inquit,
1187 469 1255 511 non
1279 447 1311 510 in
1335 453 1506 531 praesenti
1567 489 1568 508 t

274 555 405 631 uidens,
436 558 495 618 sed
527 559 558 618 in
590 556 697 619 futuro
729 556 911 639 perfidem
936 566 968 618 et
992 577 1085 639 spem
1110 557 1321 638 prospiciens
1354 559 1383 618 si
1417 561 1506 622 enim

273 665 363 744 quod
387 683 453 725 non
477 664 627 726 uidemus
650 685 836 747 speramus,
866 684 925 746 per
948 665 1139 746 patientiam
1163 672 1389 746 expectamus,
1417 668 1505 728 unde

273 781 307 833 et
331 771 372 833 de
396 771 548 834 noctibus
572 773 684 853 surgit.
715 780 833 858 noctes
856 772 929 834 illae
953 771 1137 834 laboriosae
1161 772 1294 853 quidem
1318 782 1413 848 sunt,
1450 775 1504 835 sed

272 880 305 942 in
321 880 469 941 contuitu
486 881 556 960 agri
572 878 666 942 huius
682 879 833 942 facillime
857 880 1047 962 tolerantur,
1070 881 1171 942 immo
1195 879 1294 943 etiam
1311 881 1508 962 optabiliter
1522 907 1529 940 s
1571 903 1573 942 a

271 994 482 1069 expetuntur.
514 988 547 1049 id
579 988 679 1062 enim,
710 989 801 1068 quod
833 989 865 1050 in
897 989 1061 1070 praesenti
1094 996 1144 1049 est
1176 995 1451 1050 momentaneum
1477 1000 1508 1050 et

273 1094 345 1157 leue
369 1094 588 1158 tribulationis
611 1104 753 1170 nostrae,
777 1116 878 1178 supra
901 1096 1038 1158 modum
1058 1096 1090 1157 in
1106 1095 1305 1158 sublimitate
1330 1103 1507 1158 aeternum

273 1202 397 1284 gloriae
421 1204 552 1285 pondus
576 1212 733 1285 operatur
754 1205 788 1265 in
812 1203 915 1266 nobis.

379 1310 555 1392 Prospexit
580 1331 661 1392 ergo
685 1310 737 1373 uel
761 1311 981 1374 considerauit
1005 1330 1130 1391 agntm,
1154 1319 1187 1372 et
1211 1312 1290 1372 emit
1314 1331 1401 1372 eum.
1428 1314 1506 1393 quid
1573 1311 1574 1340 l

272 1418 433 1499 impendit
457 1418 573 1500 pretii?
593 1420 708 1481 omnia
730 1419 864 1500 pietatis
888 1439 997 1501 opera,
1030 1419 1181 1480 uniuersa
1212 1420 1434 1502 spiritualium
1468 1421 1535 1482 la·¹⁰

273 1524 391 1586 borum
415 1527 602 1600 certamina,
626 1527 750 1608 proprii
766 1546 846 1587 uero
863 1527 1029 1606 sanguinis
1045 1525 1246 1588 oblationem
1267 1547 1368 1608 super
1396 1531 1506 1590 omnia

273 1641 305 1694 et
337 1642 414 1714 post
446 1634 564 1695 omnia.
598 1632 650 1696 hic
682 1635 768 1696 enlm
798 1641 848 1695 est
871 1633 994 1696 fructus
1019 1652 1173 1695 manuum
1197 1634 1280 1708 eiuS,
1311 1635 1355 1696 de
1380 1657 1451 1716 quo
1475 1647 1504 1698 et

273 1760 388 1822 agrum
413 1742 492 1802 emit
516 1750 549 1803 et
573 1743 701 1804 uincam
726 1741 895 1824 plantauit.
922 1742 992 1822 agri
1015 1741 1148 1822 quidem
1172 1739 1419 1822 pulchritudine
1443 1746 1501 1806 iam
1574 1757 1575 1788 ³

273 1848 397 1909 dudum
429 1847 516 1912 laeta
539 1858 572 1912 et
596 1871 713 1912 secura
735 1848 925 1932 perfruitur,
960 1848 1002 1910 de
1034 1849 1147 1910 niueae
1171 1870 1304 1929 quoque
1336 1849 1497 1914 fertilitate

271 1955 412 2017 fructum
444 1955 599 2038 colligere
619 1977 695 2020 non
727 1958 863 2031 desinit,
895 1977 992 2037 quem
1028 1957 1060 2018 in
1093 1958 1232 2019 aeternis
1267 1959 1490 2040 promptuariis
1500 1982 1519 2017 1⁵
1575 1998 1576 2034 ,

272 2065 429 2125 recondit.
455 2064 552 2125 uinea
574 2065 643 2126 eius
666 2063 787 2138 electa,
813 2073 922 2126 uestra
946 2073 1011 2137 est,
1037 2063 1152 2125 fratres
1176 2065 1343 2139 carissimi,
1371 2087 1486 2147 congre
1575 2045 1576 2076 ⁴

273 2171 365 2251 gatio
389 2179 513 2245 sancta,
537 2191 637 2252 quam
660 2171 715 2233 illa
737 2171 826 2234 dotis
851 2173 983 2233 nomine
1007 2180 1196 2253 susceptam
1221 2193 1240 2234 a
1263 2172 1334 2234 uiro
1360 2194 1427 2236 suo
1441 2174 1491 2235 Do

272 2280 362 2341 mino
380 2279 457 2358 Jesu
483 2278 623 2354 Christo,
647 2279 797 2361 possedit
822 2277 863 2340 ab
887 2279 988 2340 initio,
1012 2299 1055 2340 ex
1080 2299 1146 2359 quo
1170 2279 1256 2340 enim
1281 2278 1376 2342 locus
1402 2281 1462 2343 iste
1483 2301 1498 2340 a

273 2387 348 2447 Deo
372 2385 477 2448 factus
501 2387 606 2447 sancti
630 2387 778 2468 corporis
802 2387 871 2448 eius
895 2385 1036 2468 reliquiis
1061 2385 1204 2466 insigniri
1229 2387 1365 2461 meruit,
1397 2409 1498 2450 exeo

272 2494 338 2556 iam
354 2493 511 2575 deinceps
535 2503 568 2556 et
587 2492 679 2556 locus
696 2502 728 2555 et
745 2493 809 2556 loci
825 2492 1029 2557 habitatores
1046 2494 1114 2555 eius
1131 2493 1253 2556 nomini
1270 2494 1495 2567 asscribuntur,
1503 2519 1521 2542 ²⁰

272 2602 374 2683 ipsius
398 2604 588 2684 patrociniis
611 2604 745 2665 interius
769 2612 808 2664 et·
826 2604 972 2665 exterius
988 2602 1030 2664 ab
1047 2603 1279 2664 incursantium
1296 2602 1498 2666 inimicorum
1576 2634 1577 2683 l

272 2708 424 2791 periculis
456 2711 650 2773 muniuntur.
682 2709 764 2772 haec
795 2711 894 2791 igitur
924 2711 1020 2773 uinea
1049 2710 1172 2771 meritis
1203 2710 1271 2771 eius
1295 2709 1453 2790 plantata
1474 2720 1501 2773 et
1576 2696 1577 2723 ³

273 2815 407 2879 exculta
444 2826 478 2879 et
520 2818 711 2899 angelorum
755 2818 925 2900 praesidiis
961 2819 1218 2899 circumsaepta,
1257 2818 1382 2879 totiens
1418 2820 1503 2882 uelut

273 2932 420 2987 maturos
445 2927 574 2988 uinitori
598 2947 727 2988 summo
751 2926 867 2988 botros
890 2925 1042 2999 reddidit,
1066 2925 1220 3007 quotiens
1240 2925 1365 2987 meritis
1382 2927 1503 2991 ditatas
1576 2960 1577 3015 3

273 3034 316 3095 ad
349 3034 495 3114 requiem
529 3034 653 3095 animas
677 3034 854 3115 praemisit.
893 3033 1041 3115 proinde,
1076 3032 1200 3106 fratres
1232 3040 1344 3095 tantae
1371 3035 1504 3109 cultrici,
1512 3052 1526 3087 ²⁵

272 3142 365 3203 cuius
396 3142 490 3203 uinea
521 3162 593 3203 esse
625 3141 804 3216 meruistis,
843 3140 1108 3221 compunctionis
1140 3140 1250 3200 ulnum
1282 3139 1505 3204 indesinenter
1576 3152 1577 3155 ’

273 3247 398 3324 offerte,
422 3258 457 3311 ut
480 3269 608 3311 memor
631 3269 704 3311 esse
727 3249 881 3329 dignetur
902 3246 1170 3329 congregationis
1196 3266 1283 3321 suae,
1307 3255 1340 3307 et
1365 3249 1501 3312 dextera

278 3357 341 3419 Dei
374 3355 542 3438 plantatae
571 3357 687 3419 uineae
716 3375 841 3436 suaque
865 3354 1099 3416 intercessione
1123 3353 1282 3417 hactenus
1305 3353 1495 3419 defensatae.

668 3586 980 3651 CAPITVLVM
1003 3585 1106 3648 VIII.

571 3734 666 3793 Laus
690 3751 711 3792 a
734 3730 893 3792 castitate
917 3731 973 3791 uel
998 3730 1209 3809 operatione.

380 3893 536 3954 Accinxit
560 3891 756 3972 fortitudine
789 3890 912 3953 lumbos
945 3910 1034 3961 suos,
1072 3899 1102 3951 et
1135 3889 1298 3951 roborauit
1334 3889 1504 3953 brachium

273 4021 375 4064 suum.
407 3999 515 4062 solent
546 4008 717 4062 matronae
748 3998 867 4059 domus
891 4017 1002 4059 curam
1036 4004 1173 4076 agentes
1205 4004 1238 4058 et
1270 3997 1363 4078 operi
1387 3998 1506 4059 sedulo

275 4110 450 4181 instantes,
473 4106 551 4169 laxa
574 4116 608 4169 et
630 4105 809 4168 defluentia
832 4106 1022 4185 succingere
1047 4103 1246 4178 indumenta,
1273 4123 1314 4166 ne
1338 4102 1507 4167 fluitantes

275 4216 364 4278 sinus
394 4215 498 4277 libero
536 4214 677 4277 incessui
715 4213 878 4276 obsistant
917 4210 1109 4292 calcentque
1141 4208 1339 4293 superfluum
1371 4211 1507 4293 aliquid,

276 4326 355 4386 dum
379 4323 411 4385 in
434 4322 627 4404 operatione
650 4319 814 4383 festinant.
842 4320 965 4381 utinam
990 4319 1170 4382 secundum
1193 4319 1393 4381 exteriorem
1417 4318 1536 4383 huncss

274 4431 437 4505 habitum,
468 4438 601 4492 sanctae
633 4449 764 4511 quoque
792 4427 1051 4490 conuersationis
1075 4426 1269 4509 excogitent
1292 4425 1434 4501 cultum,
1468 4436 1505 4489 ut
1575 4436 1576 4457 ¹
