3167 5025
313 232 353 323 38

304 440 477 522 plaan'saez'
497 440 662 502 dzicabait.
688 462 753 521 quo
777 434 852 503 loco
876 455 973 503 uerae
997 462 1036 504 ac
1060 432 1154 503 hetae
1172 433 1355 504 deuotionis
1370 432 1511 513 discretio,

276 612 277 617 ,
310 550 472 611 iudicante
504 550 576 631 ipso
606 550 661 630 qui
694 559 867 631 susceptus
896 559 948 611 est
978 551 1137 632 aperitur,
1167 559 1202 612 et
1225 549 1362 631 qualiter
1383 570 1403 611 a
1424 549 1512 633 paeni·

309 658 452 719 tentibus
468 657 688 739 paenitentiae
705 666 838 719 nostrae
854 655 990 739 largitor
1006 668 1040 720 et
1055 667 1228 740 susceptor
1243 657 1461 738 suscipiendus
1476 656 1513 727 sit,

308 763 433 845 liquido
457 764 622 827 edocetur.

416 870 512 935 Scitis
527 872 622 947 enim,
634 872 752 953 quibus
766 871 842 935 fidei
854 882 887 937 et
899 884 1032 936 sanctae
1045 874 1231 936 deuotionis
1243 872 1408 954 obsequiis
1418 890 1527 952 pecca-³

308 979 375 1039 trix
383 977 441 1043 illa
458 978 636 1042 Dominum
661 980 703 1042 ad
720 981 830 1043 cordis
846 982 894 1044 sui
910 981 1089 1064 hospitium
1105 982 1297 1055 inuitauerit,
1311 999 1409 1062 quam
1422 987 1513 1059 gratas

308 1087 337 1148 ei
350 1086 463 1169 epulas
477 1088 757 1151 administrauerit.
771 1091 911 1171 exponit
921 1090 992 1171 ipse
1004 1090 1106 1152 iudex
1118 1087 1313 1170 singillatim,
1326 1086 1377 1149 uel
1391 1085 1464 1167 quid
1474 1084 1512 1144 illa

308 1195 476 1256 ministerii
500 1195 561 1257 sibi
581 1194 777 1273 exhibuerit,
800 1196 854 1259 vel
867 1197 944 1277 quid
968 1196 1159 1279 pharisaeus
1185 1198 1218 1257 in
1242 1215 1301 1257 sua
1324 1194 1511 1275 susceptione

308 1298 501 1382 neglexerit.
517 1302 572 1383 qui
583 1322 657 1364 cum
666 1303 796 1385 pietatis
807 1312 976 1366 auctorem
984 1303 1168 1386 pharisaico
1176 1303 1260 1365 fastu
1269 1300 1510 1384 reprehenderet

307 1428 365 1469 cur
378 1412 414 1469 se
429 1398 647 1490 apeccatrice
657 1400 748 1491 tangi
760 1411 974 1492 permitteret,
987 1412 1029 1473 ad
1043 1409 1267 1473 confusionem
1279 1428 1373 1471 suam
1385 1410 1438 1490 pia
1448 1407 1527 1468 illiusu

307 1537 406 1598 quam
431 1515 633 1598 despiciebat
657 1518 840 1579 enumerari
863 1518 987 1579 audiuit
1011 1517 1124 1579 officia.
1149 1519 1226 1599 quia
1242 1536 1322 1598 ergo
1337 1515 1417 1578 nihil
1432 1533 1509 1597 purae
1557 1525 1559 1560 Ι

307 1624 493 1686 deuotionis
509 1625 616 1685 inesse
632 1630 763 1706 poterat
779 1626 946 1708 obsequiis
961 1625 1030 1700 illis,
1047 1625 1164 1707 quibus
1179 1623 1341 1707 pharisaei
1355 1624 1508 1685 Dominun
1557 1642 1559 1645 ’

307 1732 472 1813 suscipere
494 1730 653 1806 solebant,
677 1732 770 1793 iuxta
786 1733 978 1795 mandatum
994 1734 1095 1815 ipsius
1112 1732 1321 1795 attendamus
1337 1752 1357 1793 a
1374 1731 1507 1793 fermento
1557 1801 1559 1806 Ι

306 1856 420 1900 eorum
442 1838 534 1919 ¹quod
551 1847 601 1900 est
624 1837 819 1921 hypocrisis,
844 1858 910 1921 quo
933 1842 1023 1922 prius
1046 1848 1243 1922 expurgato,
1267 1838 1384 1921 epulas
1408 1840 1434 1900 ei
1456 1855 1506 1899 cun

306 1946 409 2008 Maria
432 1948 464 2008 in
481 1947 592 2008 azimis
609 1948 802 2009 sinceritatis
819 1956 853 2009 et
872 1949 1017 2011 ueritatis
1033 1968 1229 2031 praeparare
1246 1957 1444 2028 satagamus.
1465 1944 1527 2005 hoc15
1557 2016 1559 2019 y

305 2055 390 2115 enim
408 2055 559 2115 conuiuio
576 2045 716 2135 angelos
730 2075 808 2115 suos
824 2055 991 2118 laetificari
1007 2065 1145 2118 testatur
1162 2056 1274 2118 dicens
1285 2076 1291 2117 :
1303 2055 1503 2136 gaadnnnest
1557 2038 1559 2078 ³

305 2160 429 2241 angelis
453 2160 519 2221 Da·
539 2173 634 2243 suaper
654 2182 716 2222 rano
733 2172 899 2241 peccatore
914 2164 1146 2244 poentientiam
1170 2174 1288 2244 agente.

686 2390 1001 2459 CAPITVLVM
1024 2395 1148 2460 XllIl.

662 2539 716 2598 De
746 2541 864 2616 regulo
894 2551 929 2602 et
958 2543 1172 2604 centurione.

413 2693 652 2760 Considerandi
676 2707 752 2760 sunt
775 2699 871 2762 nobis
896 2701 963 2763 duo
983 2701 1117 2763 Domini
1140 2700 1313 2762 saluatoris
1330 2699 1530 2762 imitatorem

302 2813 370 2866 tam
406 2805 596 2866 meritorum
632 2805 788 2886 gradibus
824 2827 921 2888 quam
954 2808 1074 2871 saeculi
1105 2808 1318 2889 dignitatibus
1350 2802 1507 2870 dissimiles,

301 2900 433 2992 regulus
464 2920 497 2973 et
521 2905 684 2974 centurio.
716 2915 770 2995 ‘qui
795 2914 878 2977 sicut
901 2905 1059 2996 religione
1083 2915 1231 2997 dispares
1254 2913 1402 2989 fuerunt,
1431 2911 1505 2974 itaet

301 3017 408 3100 ipsum
433 3019 533 3080 totius
557 3017 722 3098 religionis
747 3029 915 3083 auctorem
932 3022 1109 3083 Dominum
1127 3020 1336 3084 dissimilibus
1352 3019 1431 3082 fidei
1445 3013 1499 3079 uotis

301 3126 527 3188 inuitauerunt.
560 3126 666 3208 primo
697 3127 797 3207 igitur
825 3137 1037 3210 utrorumque
1067 3130 1151 3190 inter
1174 3149 1210 3190 se
1233 3128 1335 3191 uerba
1360 3128 1413 3190 uel
1437 3129 1501 3207 gesta
1557 3154 1559 3201 ρ

302 3231 517 3310 conferamus,
549 3234 668 3296 deinde
701 3232 905 3316 praeclarum
928 3235 1007 3298 illud
1030 3234 1173 3316 religiosi
1196 3237 1399 3298 centurionis
1423 3246 1526 3296 exem-2⁵
1557 3220 1558 3235 ³

300 3340 390 3421 plum
422 3341 607 3423 specialiter
636 3343 853 3405 attendamus.
885 3342 1014 3424 regulas
1043 3363 1114 3403 caan
1138 3342 1296 3415 audisset,
1325 3343 1406 3424 qnia
1433 3339 1508 3413 Jesas

300 3446 468 3510 adveniret
500 3470 521 3510 a
552 3447 685 3521 Jaa'aea
716 3449 750 3510 in
785 3449 984 3522 Galilaeam,
1019 3449 1101 3511 abiit
1132 3449 1178 3510 ad
1210 3471 1298 3522 etam,
1332 3461 1364 3512 et
1397 3443 1510 3529 rogabat
1557 3468 1559 3593 p

299 3575 386 3626 enm,
411 3566 447 3616 at
471 3555 670 3618 descenderet
694 3567 725 3618 et
749 3567 882 3618 sanaret
896 3557 1012 3638 filiam
1037 3556 1113 3617 eins.
1137 3549 1180 3618 de
1203 3558 1396 3619 centurione
1419 3563 1510 3618 auten
1557 3596 1559 3649 Ι

299 3662 457 3742 scriptum
490 3671 549 3740 est,
582 3664 658 3745 quia
688 3685 759 3724 cum
791 3657 936 3724 aatda'sset
965 3661 1004 3723 de
1031 3661 1128 3734 Jesa,
1158 3663 1249 3724 maleit
1269 3661 1318 3724 ad
1337 3685 1410 3725 eum
1431 3655 1511 3722 senia
1557 3655 1559 3714 l

299 3787 349 3830 res
379 3767 580 3840 Judaeaam
612 3791 731 3852 rogans
760 3791 831 3831 eam
862 3780 899 3831 at
927 3769 1049 3830 aem'ret
1078 3778 1109 3828 et
1140 3769 1272 3831 sanaret
1295 3790 1425 3831 sentum
1449 3764 1535 3826 aina

279 3874 352 3936 ¹ille
377 3873 464 3938 uelut
489 3897 704 3959 personarum
728 3886 938 3959 acceptorem
962 3874 1155 3936 existimans
1179 3875 1367 3951 Dominum,
1392 3875 1445 3959 qui
1462 3866 1511 3932 sibi

299 3991 466 4064 tamquam
498 3986 677 4066 potentiori
710 3982 878 4046 delaturus
910 3991 999 4043 esset
1030 3979 1199 4056 honorem,
1231 3982 1313 4045 facie
1343 3984 1386 4045 ad
1410 3980 1511 4042 faciem

253 4159 259 4167 ‚
298 4088 420 4171 alloqdi
451 4111 526 4153 eum
555 4111 623 4153 non
654 4100 815 4167 moratur;
847 4091 909 4150 iste
940 4088 984 4149 ob
1016 4085 1146 4166 gentilis
1174 4090 1260 4152 uitae
1289 4087 1511 4152 conscientiam

297 4196 453 4277 pauiduS,
488 4197 675 4278 praesentia
711 4216 770 4258 sua
801 4195 1000 4257 saluatorem
1033 4187 1170 4273 gradare
1201 4206 1347 4271 ueretur,
1381 4177 1511 4273 ideoque

407 4335 428 4386 i.
455 4339 516 4386 Luc.
544 4348 580 4401 7λ
601 4335 642 4398 36,
668 4365 703 4373 -
733 4349 771 4398 14.
798 4336 873 4384 Conf.
900 4337 960 4383 Luc.
991 4347 1036 4394 η,
1065 4348 1086 4383 1.
1112 4363 1147 4371 —
1181 4348 1220 4398 17.
1249 4339 1310 4387 Luc.
1343 4348 1387 4400 ις,
1420 4349 1456 4385 10.
1482 4357 1511 4366 —

297 4427 337 4476 28.
359 4429 398 4491 Jo.
419 4441 442 4488 4,
464 4437 506 4488 47.
526 4456 561 4463 -
582 4439 622 4487 30.
644 4428 705 4474 Luc.
728 4437 750 4488 7,
772 4437 796 4487 3.
