3167 5025
1289 208 1329 280 95

108 409 240 465 mortuo
263 399 371 464 Nabal
402 419 541 462 uxorem
572 420 645 460 eam
676 399 816 460 duxerit.
849 396 993 462 secunda
1020 394 1133 460 mulier
1156 394 1333 468 ThecuitiS,

106 511 141 572 in
163 507 230 572 hoc
252 509 359 591 ipsum
376 507 490 587 aJoab
514 507 686 581 aduocata,
708 505 861 570 Absalon
885 505 928 567 ob
945 502 1204 568 interfectionem
1227 500 1334 564 sratris

107 638 129 678 a
150 614 234 678 facie
265 615 369 696 patris
392 615 531 678 eiectum
556 615 701 676 reuocari
733 614 908 696 persuasit,
941 613 1016 676 licet
1039 609 1104 672 hoc
1123 629 1241 690 neque
1272 607 1334 689 ipsi

106 725 195 807 patri
226 742 332 804 neque
363 722 429 785 tilio
456 741 614 806 prospere
638 723 781 786 cesserit.
813 722 978 804 sapientes
1002 729 1159 800 utraeque
1183 715 1334 779 mulieres

81 831 191 894 sistae
215 829 324 912 legem
347 831 555 895 asstruebant
579 830 781 906 clementiae,
805 829 904 911 longe
928 839 1038 892 tamen
1062 827 1204 908 impares
1225 821 1334 888 Felici·

106 939 168 1001 tati
202 937 420 1002 beatissimae.
458 939 532 1002 illae
567 941 674 1002 doctis
710 940 903 1022 prudentiae
942 935 1176 1000 assertionibus
1215 931 1334 993 terreni

108 1047 197 1127 regis
221 1047 302 1108 iram
326 1049 567 1128 mitigauerunt,
590 1046 672 1113 haec
696 1067 763 1110 non
786 1055 915 1110 tanturn
939 1046 1067 1126 linguae
1092 1041 1201 1104 officio
1226 1038 1335 1100 sedet

106 1154 277 1234 utriusque
309 1152 448 1217 hominis
479 1153 635 1217 famulatu
667 1155 881 1216 deuotissimo
913 1173 1003 1226 eum,
1043 1170 1140 1233 quem
1173 1165 1334 1230 supernae

105 1269 254 1324 tremunt
277 1272 470 1345 potestates
493 1262 687 1346 deplacauit.
720 1261 826 1325 Nabal
851 1262 986 1326 caelitus
1010 1280 1183 1345 percussus
1206 1257 1336 1328 interiit,

71 1397 94 1421 10
105 1371 158 1433 cui
184 1369 295 1432 Dauid
317 1391 379 1452 pro
403 1371 515 1433 uxoris
538 1371 723 1434 interuentu
747 1378 957 1454 pepercerat;
981 1367 1133 1432 Absalon
1157 1365 1335 1448 suspendio

104 1479 214 1561 periit,
238 1479 290 1540 cui
313 1476 480 1542 Thecuitis
504 1479 607 1561 patris
630 1479 772 1560 gratiam
796 1478 990 1540 obtinuerat.
1023 1477 1135 1539 uiuunt
1158 1483 1278 1548 autem,
1303 1483 1336 1535 et

81 1587 246 1650 ·leliciter
277 1606 351 1648 cum
381 1586 480 1650 beata
502 1586 674 1650 Felicitate
704 1588 833 1662 uiuunt,
865 1587 1061 1668 quicumque
1091 1603 1151 1666 per
1164 1581 1260 1676 illam
1293 1581 1335 1644 ad

106 1695 233 1760 aeterni
257 1695 345 1775 regis
368 1694 605 1776 indulgentiam
629 1695 800 1777 peruenire
825 1702 1020 1757 meruerunt.
1112 1735 1113 1738 κ

217 1801 311 1864 Haec
345 1802 430 1864 enim
466 1812 534 1866 tam
568 1801 745 1865 efficaciter
787 1823 826 1864 os
858 1822 952 1864 suum
991 1801 1171 1882 sapientiae
1209 1797 1336 1880 aperuit

72 1943 96 1978 15
109 1910 285 1990 legemque
310 1908 503 1972 clementiae
525 1911 558 1972 in
581 1909 692 1991 lingua
715 1912 828 1985 tenuit,
852 1918 888 1971 ut
911 1910 1028 1972 merito
1045 1905 1179 1988 Abigail
1200 1906 1334 1978 dicatur,

108 2017 199 2098 quod
225 2024 322 2077 sonat
346 2017 447 2099 patris
464 2019 528 2080 mei
550 2017 721 2092 exultati0,
745 2027 778 2080 et
795 2017 971 2092 Thecuitis,
996 2016 1086 2097 quod
1101 2016 1335 2095 interpretatur

111 2125 188 2187 tuba
213 2145 343 2187 canens.
374 2124 535 2188 exultauit
558 2125 591 2186 in
615 2126 770 2208 operibus
794 2126 863 2188 eius
886 2133 980 2207 pater
1004 2122 1162 2196 caelestis
1194 2120 1333 2183 delecta·

115 2233 206 2294 batur
228 2233 261 2294 in
286 2234 456 2314 apertione
480 2233 546 2294 oris
568 2233 637 2294 eius
661 2232 750 2295 uelut
774 2234 966 2296 suauissimo
990 2251 1074 2294 sono
1098 2231 1196 2292 tubae
1221 2245 1335 2290 canen·

117 2341 161 2402 tis.
189 2349 228 2402 ut
259 2341 347 2404 enim
377 2341 409 2402 in
438 2341 585 2403 contuitu
610 2338 858 2422 pulchritudinis
882 2341 949 2402 eius
973 2339 1123 2402 exultare
1146 2359 1181 2402 se
1205 2336 1335 2406 indicet,

83 2477 107 2502 20
116 2448 189 2512 dicit
204 2449 253 2510 in
285 2449 413 2510 cantico
445 2433 663 2512 canticorum:
696 2447 822 2510 ostende
852 2447 936 2510 milri
949 2448 1073 2529 factam
1097 2458 1206 2520 tuam,·
1237 2454 1271 2506 ut
1303 2444 1335 2506 in

115 2558 223 2623 auditu
247 2577 388 2620 canorae
412 2558 504 2619 uocis
527 2557 790 2620 delectationem
805 2578 841 2619 se
864 2556 986 2621 habere
1011 2557 1174 2631 ostendat,
1202 2556 1335 2619 subicit:

116 2675 202 2726 som
219 2685 285 2727 uox
308 2674 364 2725 tua
387 2664 422 2726 in
444 2663 578 2726 arcn'bus
600 2664 686 2725 mezu
714 2666 881 2745 utriusque
906 2673 1015 2727 autem
1040 2673 1073 2727 et
1096 2663 1189 2727 faciei
1213 2662 1336 2727 scilicet

121 2780 152 2831 et
174 2774 258 2835 uocis
282 2771 473 2854 qualitatem
490 2781 580 2833 certa
595 2770 788 2835 diffinitione
806 2773 1002 2835 determinat
1017 2773 1146 2836 dicens:
1171 2793 1236 2833 uox
1252 2770 1335 2833 enim

121 2887 175 2939 tua
195 2878 304 2951 dulcis,
327 2889 358 2942 et
371 2880 480 2960 sacz'es
502 2889 558 2941 tua
582 2879 704 2942 decora.
729 2900 940 2962 nequaquam
962 2900 1041 2943 uero
1064 2878 1199 2961 Abigail
1222 2887 1336 2941 nostra

84 3012 107 3047 -15
118 2984 214 3049 oculis
238 2986 386 3051 altissimi
410 2988 456 3049 sic
479 2987 610 3070 placere
633 2990 804 3070 potuisset,
829 2990 888 3051 nisi
911 2989 1001 3071 prius
1024 2988 1140 3062 Nabal,
1164 2989 1218 3066 qui
1242 2987 1336 3049 inter·

110 3103 259 3174 pretatur
275 3096 438 3176 insipiens
462 3094 506 3160 ab
528 3097 601 3178 ipso
618 3116 793 3178 percussus
814 3096 1029 3159 occubuisset.
1054 3096 1214 3178 sapientia
1230 3096 1335 3176 igitur,

108 3202 161 3263 cui
185 3222 224 3263 os
248 3203 375 3284 aperire
398 3203 543 3278 solebat,
573 3224 707 3267 omnem
731 3206 772 3267 de
797 3206 897 3266 corde
921 3205 989 3265 eius
1019 3204 1236 3285 insipientiam
1261 3203 1335 3265 eflu-

106 3317 257 3392 gauerat,
281 3330 490 3392 erroremque
515 3312 604 3374 uelut
627 3314 770 3395 priorem
795 3314 946 3375 maritum
970 3310 1113 3388 funditus
1138 3312 1335 3374 extinxerat.

104 3416 184 3481 huic
208 3419 296 3481 enim
319 3438 436 3481 omnes
460 3418 573 3481 illicito
596 3421 805 3484 matrimonio
821 3420 1036 3493 subiacemuS,
1060 3419 1165 3481 donec
1190 3419 1232 3481 ad
1249 3406 1336 3501 agni·

69 3560 93 3594 ro
103 3528 235 3588 tionem
259 3534 292 3587 et
316 3527 454 3607 gratiam
473 3527 541 3587 ueri
558 3527 666 3589 Dauid
683 3528 921 3609 perueniamus
946 3546 1045 3608 porro
1063 3525 1117 3586 lex
1134 3524 1335 3602 clementiae,

101 3656 194 3718 quae
219 3636 252 3696 in
275 3633 386 3715 lingua
418 3635 535 3699 beatae
560 3635 737 3699 Felicitatis
760 3633 857 3697 fuisse
882 3635 1015 3708 dicitur,
1045 3644 1171 3697 certum
1194 3636 1334 3697 iustitiae

101 3745 178 3806 eius
203 3740 353 3824 perhibet
377 3743 609 3816 testimonium,
633 3743 709 3823 quia
724 3763 802 3804 uera
818 3744 939 3805 iustitia
954 3742 1227 3824 compassionem,
1251 3754 1334 3823 quae

101 3860 142 3914 et
166 3848 340 3915 clementia
364 3859 430 3924 est,
464 3848 565 3912 habet
594 3850 678 3911 sicut
701 3870 720 3910 e
744 3850 909 3911 contrario
933 3848 1014 3910 falsa
1037 3850 1158 3911 iustitia
1181 3850 1335 3931 dedigna-

102 3960 242 4021 tionem.
272 3954 359 4018 hunc
383 3955 508 4030 locum,
540 3957 595 4019 ubi
617 3958 722 4019 nostri
746 3957 878 4019 codices
902 3957 1009 4037 legem
1034 3956 1226 4019 clementiae
1250 3976 1335 4019 com·

69 4097 92 4130 rs
103 4073 312 4143 memorant,
343 4064 407 4127 alia
430 4065 602 4129 translatio
625 4066 670 4127 sic
694 4063 811 4127 habet:
842 4073 875 4125 et
899 4066 1048 4127 ordinem
1072 4066 1181 4147 posuit
1205 4064 1334 4145 linguae

104 4193 196 4235 suae.
228 4192 250 4233 o
281 4180 405 4252 quanta
434 4174 550 4247 uirtuS,
582 4193 648 4235 non
673 4181 801 4235 tantum
824 4171 941 4235 silentii
966 4172 1169 4253 disciplinam
1194 4171 1334 4252 qualem·

105 4298 267 4359 cumque,
298 4279 398 4341 immo
430 4288 463 4340 et
494 4280 642 4343 ordinem
674 4278 803 4359 linguae
832 4279 997 4359 posuisse,
1029 4298 1125 4360 quem
1151 4279 1334 4359 transgredi

219 4434 240 4471 1.
262 4420 334 4470 Conf.
355 4422 375 4469 Ι.
397 4422 460 4490 Reg.
482 4432 523 4488 25.
543 4448 578 4457 -
598 4434 620 4487 3.
642 4420 715 4474 (joni.
736 4422 769 4469 ΙΙ.
791 4423 855 4491 Reg.
880 4434 918 4485 14.
938 4450 973 4461 —
994 4434 1034 4486 24.
1056 4422 1127 4473 t'ant.
1150 4434 1172 4481 2,
1197 4434 1235 4486 ¹4-
