3167 5025
1295 225 1348 301 25

100 406 167 473 sibi
198 408 353 493 angelum
384 410 549 495 suscipere
582 412 706 477 meruit.
738 410 929 477 excutiebat
958 422 1056 495 atque
1088 412 1253 496 purgabat
1276 412 1338 475 fru-

101 512 222 581 menta
252 520 285 581 in
316 518 485 595 torculari,
517 530 552 584 ut
583 519 710 603 fugeret
738 521 880 585 Madian.
912 522 1075 585 frumenta
1104 529 1261 585 excutere
1286 519 1338 583 uel

99 644 251 707 purgare
286 636 337 689 est
372 628 590 691 discernendo
627 630 763 693 uirtutes
802 650 822 692 a
853 630 938 691 uitiis
978 649 1139 712 separare.
1182 629 1338 691 exteriori
1412 644 1415 654 '

101 753 188 814 ergo
224 754 284 796 sua
314 736 507 817 operatione
536 737 666 811 indicat,
697 738 776 818 quid
801 737 852 799 uel
876 737 936 800 sibi
960 737 1011 799 uel
1034 737 1186 799 omnibus
1209 736 1339 800 diuinae

82 842 236 921 §gratiae
262 843 481 907 uisitationem
506 843 760 927 expectantibus
784 865 883 926 agere
907 846 1089 909 conueniat.
1121 845 1227 907 eidem
1251 843 1338 905 enim
1371 921 1378 931 Ι

79 1024 81 1029 ,
110 948 217 1011 officio
252 950 351 1011 etiam
383 948 436 1013 illa
460 952 592 1013 ostiaria
617 950 769 1015 Isboseth
794 953 953 1034 deputata
977 952 1097 1027 fuerat,
1128 973 1194 1033 qua
1217 972 1338 1033 sopore

109 1060 285 1141 depressa,
326 1056 380 1120 filii
415 1059 581 1121 Remmon
615 1058 768 1121 tollentes
804 1061 911 1142 spicas
947 1060 1082 1123 domum
1117 1058 1257 1122 latenter
1294 1060 1338 1121 iu·

107 1167 214 1246 gressi
239 1175 324 1227 sunt.

217 1272 319 1355 Quod
343 1294 383 1337 ne
408 1275 542 1355 quando
559 1275 654 1337 nobis
671 1276 810 1349 eueniat,
833 1274 1001 1337 Gedeonis
1017 1275 1173 1357 exemplo
1190 1275 1338 1358 purgatis

73 1399 95 1422 ¹0
105 1383 267 1443 uirtutum
303 1380 459 1445 fructibus
491 1390 524 1445 et
558 1383 643 1445 intra
678 1382 898 1445 conscientiae
930 1381 1047 1444 horrea
1080 1382 1258 1445 reconditis
1295 1382 1338 1443 ad

106 1489 218 1551 Deum
245 1487 478 1569 confugiamus.
504 1509 579 1553 uam
605 1489 769 1571 petillius
793 1491 901 1569 gentis
918 1509 1135 1572 oppressores
1158 1490 1338 1552 animarum

104 1605 298 1657 nostrarum
314 1594 491 1657 inuisibiles
508 1594 718 1678 praefigurati
736 1605 811 1658 sunt
824 1605 1059 1679 persecutores.
1076 1596 1219 1659 torcular
1231 1598 1338 1670 etiam,

105 1705 136 1765 in
162 1724 234 1784 quo
260 1702 399 1765 Gedeon
424 1704 575 1766 inuentus
599 1704 729 1777 dicitur,
759 1714 828 1767 tam
851 1714 998 1767 nostram
1022 1726 1121 1786 quam
1144 1704 1272 1768 illorum
1295 1706 1339 1767 in-

106 1813 197 1873 dicat
231 1830 435 1891 pressuram;
469 1813 500 1873 in
533 1832 598 1892 qua
627 1812 670 1874 ad
701 1810 765 1873 hoc
796 1832 898 1893 usque
922 1834 982 1894 per
1005 1814 1197 1893 patientiam
1221 1813 1339 1892 singuli

75 1919 261 1981 ¹scertatim
287 1919 364 1980 eniti
389 1918 564 1993 debemus,
596 1928 631 1981 ut
655 1928 811 2001 suscepto
835 1920 1013 2001 ereptionis
1036 1929 1169 1982 nostrae
1203 1928 1338 1982 auctore

107 2025 369 2089 consolatoriam
399 2025 486 2089 illam
510 2026 716 2089 salutationis
740 2046 858 2089 uocem
881 2026 978 2089 nobis
1002 2048 1133 2108 quoque
1156 2046 1338 2107 congruere

111 2134 325 2213 gaudeamus
341 2154 406 2215 qua
422 2132 465 2195 illi
481 2134 605 2196 dictum
622 2144 690 2197 est:
707 2132 867 2195 Dominus
882 2144 981 2196 tocrnn
998 2135 1140 2197 m‘rornm
1149 2134 1338 2215 fortissime.
1358 2144 1361 2149 '

116 2242 171 2303 sed
193 2241 376 2315 audiamus,
399 2241 476 2323 quid
501 2239 696 2303 fortissimus
720 2240 788 2315 ille,
820 2243 875 2323 qni
899 2243 988 2323 prior
1011 2240 1060 2303 his
1083 2241 1265 2303 honoratus
1288 2251 1339 2303 est

120 2349 227 2423 uerbis,
253 2349 296 2411 ad
322 2347 403 2411 haec
427 2349 642 2431 responderit,
670 2368 768 2430 quam
792 2349 946 2411 idoneum
972 2369 1006 2411 se
1031 2350 1072 2411 ad
1097 2349 1339 2431 suscipiendum

84 2457 226 2540 ²⁰popali
251 2458 470 2540 principatum
496 2458 685 2520 ostenderit.
709 2458 753 2522 ait
778 2458 880 2520 enim:
913 2456 1035 2520 obsecro
1059 2456 1196 2520 Domine
1219 2456 1280 2527 mi,
1311 2455 1343 2517 si

117 2563 274 2628 Dominus
290 2564 458 2638 nobiscum,
481 2587 540 2627 cur
560 2564 836 2647 apprehenderunt
857 2586 913 2626 nos
935 2565 1014 2628 lroec
1036 2564 1169 2627 omnia?
1191 2563 1247 2627 ubi
1267 2574 1342 2625 sunt

121 2671 278 2734 rrrirabilia
301 2672 382 2744 erus,
406 2694 487 2754 quoe
510 2683 728 2735 rarrrrouciuut
742 2683 855 2754 potres
878 2673 984 2736 norim
1000 2683 1094 2754 atque
1109 2671 1280 2735 donemur:
1302 2671 1342 2732 de

125 2778 256 2859 Aegypto
282 2780 397 2842 eduxit
424 2801 481 2842 nos
503 2781 687 2842 Dominus?
720 2801 804 2841 mmc
827 2790 932 2842 aretem
956 2779 1125 2860 dereliquit
1147 2800 1203 2841 nos
1226 2790 1256 2840 et
1277 2789 1340 2840 tra-

124 2882 210 2945 didit
237 2886 267 2946 in
287 2908 403 2949 rnmms
426 2886 575 2950 irradian.
610 2888 732 2949 dictum
757 2886 800 2948 illi
825 2886 944 2949 fuerat:
976 2885 1136 2948 Dominus
1159 2896 1275 2955 tectim,
1307 2895 1340 2947 et

82 3008 107 3042 2⁵
118 3003 363 3074 consequenter,
387 3004 422 3056 ut
439 2995 557 3074 diguus
581 3003 675 3058 tanto
699 2994 926 3086 cohabitatore
948 2995 1184 3068 ostenderetur,
1208 2992 1341 3076 speciali

113 3100 310 3164 fortitudinis
335 3104 512 3184 praeconio
536 3102 653 3164 ceteris
675 3100 864 3184 praefertur.
889 3102 948 3165 sed
973 3100 1055 3163 haec
1072 3100 1147 3163 licet
1165 3101 1342 3183 praecipua

110 3210 139 3270 ei
163 3219 287 3284 tamen,
313 3210 367 3291 qui
391 3229 457 3271 non
482 3230 565 3291 quae
590 3230 648 3272 sua
672 3209 730 3270 sed
756 3209 861 3289 magis
885 3229 969 3290 quae
993 3208 1129 3270 aliorum
1154 3216 1228 3269 sunt
1245 3227 1340 3288 quae-

108 3327 207 3394 reret,
232 3337 442 3399 nequaquam
467 3315 613 3379 sufficere
639 3318 798 3380 uidentur.
824 3315 943 3396 angelo
959 3317 1045 3378 enim
1061 3316 1207 3378 dicente:
1232 3315 1340 3377 Domi-

107 3448 168 3488 nus
194 3435 307 3496 tecum,
331 3445 397 3487 non
422 3426 608 3508 respondit:
641 3427 666 3486 si
691 3425 852 3488 Dominus
877 3445 1014 3497 mecum,
1038 3445 1095 3486 cur
1119 3422 1341 3506 apprehende-

71 3548 95 3582 ³⁰
106 3545 184 3621 runt
219 3553 273 3594 me
306 3532 386 3596 haec
418 3532 547 3596 omnia?
580 3533 637 3594 sed
670 3534 763 3614 quasi
795 3531 916 3594 oblitus
941 3534 1006 3604 sui,
1039 3552 1105 3594 non
1130 3533 1341 3612 acquiescens

104 3642 200 3704 laudi
225 3661 287 3702 nec
311 3639 512 3703 satisfaciens
536 3639 732 3715 salutationi,
757 3659 889 3703 causam
914 3639 1085 3702 confestim
1106 3640 1189 3702 inse
1206 3639 1341 3720 suscipit

104 3747 243 3834 populi,
268 3749 407 3828 gratiam
431 3747 568 3810 exhibet
591 3749 778 3830 patrocinii,
803 3769 840 3810 ac
864 3749 892 3808 si
916 3749 1017 3809 dicat:
1048 3756 1171 3828 quanta
1193 3754 1244 3809 est
1268 3766 1341 3808 mea

104 3858 216 3931 saluS,
241 3856 302 3917 nisi
326 3855 469 3918 saluetur
493 3865 525 3917 et
550 3854 691 3938 populus
716 3854 812 3917 tuus?
836 3854 915 3935 quid
939 3856 1027 3916 iuuat
1051 3854 1233 3937 praedicari
1256 3853 1341 3914 forti·

104 3959 263 4027 tudinem
294 3981 417 4038 meam,
449 3963 509 4024 nisi
543 3963 640 4024 etiam
665 3961 830 4024 hereditas
855 3970 910 4022 tua
933 3959 1031 4023 Israel
1055 3969 1171 4024 contra
1194 3961 1341 4024 inimicos

69 4102 93 4138 35
106 4070 255 4153 accipiat
280 4069 483 4151 potentiam?

222 4177 328 4253 Hunc,
345 4186 439 4262 pater
455 4177 674 4252 dilectissime,
691 4176 859 4239 Gedeonis
881 4176 1033 4239 affectum
1050 4176 1164 4238 melius
1180 4177 1212 4237 in
1228 4182 1341 4236 temet·

107 4288 187 4368 ipso
219 4286 445 4366 recognoscis,
476 4284 557 4347 haec
588 4285 655 4346 eius
686 4284 787 4346 uerba
819 4285 939 4346 certius
966 4285 998 4346 in
1022 4283 1241 4346 conscientiae
1265 4290 1341 4343 tuae

228 4439 266 4490 17,
286 4428 343 4492 Jud.
364 4425 387 4478 6.
412 4442 450 4481 12.
470 4457 505 4464 -
526 4442 566 4489 24.
586 4429 643 4494 Jud.
664 4425 689 4476 b.
714 4440 751 4490 13.
