3167 5025
1280 250 1320 329 65

100 446 255 526 suscipere
274 458 443 511 meruerat
461 446 637 510 infantem?
653 447 797 528 Joannes
813 470 954 529 quoque,
971 468 1165 530 praecursor
1181 447 1323 520 Domini,

98 552 188 633 paulo
219 548 299 616 ante
334 555 392 618 illo
423 557 645 630 descendens,
677 566 785 619 certae
818 564 851 617 et
878 557 1072 636 quantocius
1096 556 1254 617 affuturae
1278 576 1323 617 re·

97 661 292 742 demptionis
309 665 462 727 nuntium
485 663 655 739 detulerat,
679 673 713 726 et
729 672 960 727 consummato
984 665 1222 746 praecursionis
1246 686 1324 727 suae

97 766 212 842 officim
252 771 415 833 sedentes
450 772 482 833 in
517 772 652 853 regione
685 772 820 835 umbrae
852 772 968 833 mortis
1000 769 1241 834 laetificauerat.
1274 771 1324 834 his

78 875 222 957 saliisque
247 878 432 941 innumeris
457 877 645 940 caelestium
670 878 924 961 promissionum
943 878 1226 960 praecurrentibus
1243 881 1324 942 sola·

97 985 155 1059 tiis,
185 986 330 1049 tandem
363 988 435 1069 ipse
460 986 550 1048 Deus
574 987 675 1049 totius
699 984 935 1049 consolationis
967 986 1138 1049 descendit
1161 986 1324 1051 consolari

97 1112 210 1166 omnes,
236 1094 296 1174 qui
324 1114 400 1155 eum
424 1114 468 1155 ex
491 1102 565 1156 toto
590 1093 691 1157 corde
715 1092 956 1156 desiderabant.
981 1094 1068 1154 unde
1091 1112 1158 1154 non
1180 1094 1323 1167 dubium,

98 1202 175 1280 quod
217 1200 398 1265 uberrimis
437 1201 642 1265 lacrimarum
683 1186 827 1264 lontibus
867 1222 911 1263 ex
949 1202 1174 1282 magnitudine
1213 1203 1324 1283 gaudii

99 1308 335 1389 profluentibus
360 1308 454 1371 fuerit
479 1317 661 1393 susceptus,
685 1309 839 1372 omnibus
865 1310 1012 1371 inunum
1037 1308 1226 1372 lacrimabili
1242 1331 1324 1373 uoce

76 1416 393 1497 1⁰proclamantibus:
425 1418 586 1480 aduenisti
603 1417 843 1479 desiderabilis
873 1437 971 1497 quem
1000 1416 1261 1499 expectabamus
1292 1419 1323 1479 in

98 1526 241 1599 tenebriS,
268 1535 308 1587 ut
332 1526 490 1587 educeres
513 1523 577 1587 hac
600 1533 698 1587 nocte
723 1524 907 1587 uinculatos
923 1526 964 1586 de
981 1523 1140 1587 claustris.
1164 1525 1223 1588 sed
1240 1546 1324 1605 quae

98 1652 180 1693 mens
204 1632 406 1714 concipere,
430 1653 556 1713 quaeue
580 1632 691 1715 lingua
714 1632 867 1695 desiderii
890 1629 985 1693 huius
1009 1631 1267 1712 magnitudinem
1292 1642 1324 1694 et

98 1740 298 1803 alacritatem
323 1739 432 1802 ualeat
455 1742 650 1823 exprimere,
674 1761 741 1821 quo
761 1747 951 1801 sanctorum
974 1739 1102 1800 animae
1126 1738 1324 1801 saluatorem

99 1854 142 1908 tot
171 1847 316 1910 saeculis
349 1856 579 1930 expectatum,
611 1849 711 1909 tantis
743 1847 924 1928 gemituum
948 1854 981 1907 et
1005 1844 1210 1909 lacrimarum
1239 1847 1324 1908 uotis

71 1938 295 2037 uexoptatum
319 1955 515 2038 suscepere?

194 2064 343 2126 Proinde
368 2064 409 2126 ad
434 2064 658 2145 nosmetipsos
682 2062 792 2145 potius
817 2063 997 2124 redeamus.
1022 2061 1096 2123 talis
1127 2062 1214 2123 enim
1241 2061 1323 2123 desi·

105 2170 170 2231 derii
193 2170 330 2233 feruore
353 2191 415 2234 nos
439 2171 542 2233 multo
567 2171 672 2251 magis
697 2181 848 2233 aestuare
873 2169 1035 2243 conuenit,
1062 2170 1109 2231 sic
1133 2189 1153 2229 a
1176 2168 1324 2232 conualle

109 2275 303 2340 lacrimarum
320 2287 353 2339 et
370 2280 411 2340 de
436 2278 516 2340 locis
540 2279 748 2341 tenebrarum
767 2277 881 2339 harum
906 2278 948 2339 ad
974 2297 1072 2339 uerae
1088 2276 1168 2338 lucis
1184 2277 1324 2358 patriam

111 2387 268 2466 suspirare,
295 2394 330 2447 ut
353 2386 460 2448 eidem
485 2386 688 2468 redemptori
711 2394 827 2447 nostro
843 2406 886 2446 ex
903 2385 1004 2447 corde
1021 2385 1130 2447 dicere
1146 2384 1324 2465 possimus:

82 2491 179 2555 20educ
201 2496 243 2556 de
270 2515 402 2557 carcere
426 2494 568 2556 animam
593 2513 718 2568 meam,
750 2501 786 2556 ut
810 2490 1006 2555 confiteatur
1029 2491 1237 2555 nominituo
1261 2492 1326 2556 Do-

111 2599 190 2662 mine.
213 2622 279 2664 nos
302 2603 425 2684 quippe
450 2621 490 2662 eo
515 2601 719 2682 grauioribus
743 2600 929 2680 indigemus
952 2599 1119 2674 lamentiS,
1148 2619 1215 2680 quo
1239 2599 1325 2662 mole

117 2707 223 2770 artioris
244 2710 426 2792 premimur
441 2709 655 2771 necessitatis.
679 2706 723 2769 illi
740 2709 827 2770 enim
844 2709 1034 2770 meritorum
1051 2707 1156 2789 gloria
1172 2709 1325 2789 insignes,

120 2816 283 2878 camisiam
301 2815 469 2897 ergastulo
486 2814 637 2889 absoluti,
660 2815 840 2896 repositam
864 2813 925 2876 sibi
942 2814 1030 2896 apud
1047 2816 1167 2877 iustum
1184 2816 1324 2877 iudicem

117 2918 234 2985 iustitiae
267 2944 426 2987 coronam
459 2924 637 2985 certissime
665 2923 829 2996 sciebant,
861 2922 952 2984 cuius
982 2923 1109 2984 interim
1145 2923 1325 2986 aduentum

82 3053 103 3088 2⁵
112 3045 162 3107 spe
176 3029 255 3094 felici
274 3031 507 3115 expectabant,
532 3031 593 3113 piis
610 3030 780 3093 desideriis
804 3029 997 3092 inuitabant.
1021 3050 1083 3092 nos
1099 3050 1179 3092 uero
1195 3038 1325 3112 praeter

109 3153 289 3200 communes
328 3139 510 3220 praesentis
549 3137 637 3199 exilii
675 3156 865 3210 aerumnas,
904 3138 1080 3200 innumeris
1111 3145 1325 3219 peccatorum

107 3243 238 3307 nexibus
273 3247 457 3320 constricti,
496 3254 529 3307 et
564 3245 608 3307 ob
644 3244 708 3307 hoc
742 3254 920 3306 accusante
959 3246 1160 3307 conscientia
1197 3247 1325 3328 trepidi,

106 3348 234 3414 districti
268 3353 381 3415 iudicis
414 3353 635 3434 praesentiam
667 3350 899 3428 formidamus3·
936 3352 968 3412 in
1001 3351 1073 3414 sola
1108 3361 1219 3416 tamen
1256 3355 1325 3416 eius

105 3455 322 3522 misericordia
344 3461 553 3542 suspiramus.
578 3466 724 3541 praestet
740 3459 840 3540 igitur
855 3459 925 3540 ipse
943 3459 1037 3520 adse
1061 3458 1324 3541 confugientibus

75 3586 96 3620 30
104 3557 269 3637 fiduciam,
293 3567 346 3644 qui
370 3565 605 3646 redemptionis
629 3585 829 3646 praerogare
853 3566 1007 3644 dignatus
1031 3573 1080 3627 est
1104 3567 1261 3647 gratiam,
1289 3577 1325 3631 ut

103 3688 197 3747 quem
221 3671 464 3753 redemptorem
489 3671 565 3733 laeti
589 3672 802 3753 suscepimus,
826 3673 1012 3734 uenientem
1036 3693 1168 3754 quoque
1184 3676 1323 3737 iudicem

101 3794 216 3838 securo
239 3777 427 3842 reddendae
459 3780 594 3842 rationis
622 3787 783 3860 apparatu
808 3781 1038 3863 suscipiamus,
1069 3782 1121 3843 cui
1145 3789 1195 3844 est
1218 3780 1325 3844 honor

102 3889 132 3940 et
163 3882 335 3962 imperium
367 3907 440 3949 cum
472 3887 567 3950 Patre
599 3886 631 3946 in
662 3885 785 3947 unitate
810 3885 949 3968 Spiritus
980 3889 1084 3951 sancti
1115 3909 1175 3970 per
1200 3886 1325 3951 infinita

100 3985 241 4049 saecula.
286 3987 402 4057 Amen.
