3167 5025
271 227 311 327 '36

267 444 412 505 ciuitatis
438 434 585 505 miseriae
617 429 668 505 uel
700 434 878 505 calamitati
909 431 1036 507 suturae
1062 443 1309 524 compateretur
1331 436 1503 515 ostendit;

267 551 311 612 ait
335 552 421 613 enim
445 550 648 632 euangelista
672 551 833 614 subdens:
864 561 895 613 et
916 561 953 613 nt
974 550 1253 634 apprepinquauit,
1280 548 1393 611 utilene
1414 547 1505 609 civi-

266 668 362 721 tatem
368 658 468 741 fleuit
481 671 577 740 snper
590 658 692 731 ellam,
716 658 843 721 dicens:
865 658 943 741 quia
965 659 998 720 si
1013 658 1212 740 cegrweetsses
1226 667 1257 720 et
1270 667 1314 729 tn,
1337 655 1507 719 subaudis

266 764 369 841 fleres
393 786 478 846 quae
501 766 612 841 modo,
636 767 712 847 quia
727 767 835 829 nescis
850 766 941 847 quod
957 766 1113 841 imminet,
1137 764 1293 827 exsultas.
1317 773 1352 826 et
1366 763 1507 825 futurae

266 874 444 937 euersionis
476 893 634 955 poenam,
665 894 768 955 quam
796 872 910 935 defleri
933 894 954 935 a
975 872 1103 956 perfida
1135 873 1267 935 ciuitate
1291 878 1531 955 oportueratr

266 981 444 1055 denuntiat,
468 979 579 1044 flendo
595 980 754 1043 adiciens:
778 980 922 1062 equidem
945 980 980 1042 in
995 980 1058 1042 lzac
1072 979 1126 1042 die
1140 990 1205 1053 tua,
1228 1001 1310 1062 qnae
1324 978 1507 1061 adparent

265 1088 330 1160 lz'ln',
355 1109 438 1149 nnnc
461 1098 566 1150 antem
590 1087 776 1150 abscondita
800 1098 876 1150 sunt
897 1088 940 1151 ab
960 1088 1062 1150 eculei·
1083 1088 1155 1150 tuis.
1179 1087 1257 1170 quia
1277 1086 1407 1149 uenient
1427 1084 1506 1147 dies

242 1196 302 1257 'in
324 1206 367 1267 te,
397 1205 428 1257 el
449 1194 693 1257 circumdabunt
714 1205 743 1257 te
766 1194 895 1257 inimici
915 1195 971 1257 tul
995 1193 1100 1266 ualle,
1131 1205 1161 1257 et
1190 1193 1441 1257 cricumdabunt
1465 1203 1505 1261 te,

265 1314 295 1365 et
316 1300 570 1384 cearzgnstalnent
591 1313 619 1364 te
642 1302 796 1384 undique,
826 1312 858 1364 et
878 1302 926 1365 ad
943 1308 1065 1365 terram
1084 1312 1285 1384 prosternent
1305 1312 1335 1364 te
1356 1311 1389 1362 et
1401 1299 1507 1383 filios

266 1416 342 1481 terei,
366 1411 425 1492 qni
445 1410 479 1472 ln
502 1420 531 1472 te
553 1420 635 1483 sunt,
658 1421 689 1472 et
703 1430 765 1473 nen
781 1409 960 1492 relinquent
973 1410 1008 1473 in
1024 1420 1053 1472 te
1068 1410 1210 1492 lapidem
1225 1423 1322 1492 super
1334 1408 1505 1490 lapidem:
1515 1433 1537 1458 10

266 1524 412 1599 moxque
436 1538 568 1581 causam
592 1519 770 1581 euersionis
794 1518 978 1600 adiungens
1000 1520 1061 1581 ait:
1084 1540 1119 1579 ee
1133 1518 1221 1600 quod
1232 1538 1295 1581 non
1310 1515 1505 1598 cognoueeis

211 1612 214 1615 ¹
265 1636 387 1707 tempus
409 1624 604 1688 uisitatione
626 1635 707 1688 tuae.
740 1626 831 1688 cuius
861 1625 1055 1689 uisitationis
1077 1634 1306 1708 contemptum
1330 1623 1410 1686 alibi
1435 1642 1503 1684 ma·

265 1728 412 1794 nifestius
436 1732 580 1795 ostendit
611 1731 740 1794 dicens:
771 1752 827 1814 ege
849 1732 925 1795 neni
945 1732 980 1794 in
1003 1733 1129 1797 nomine
1146 1732 1255 1814 patn's
1276 1731 1342 1793 mei
1370 1739 1409 1792 et
1433 1750 1502 1792 non

265 1840 454 1921 suscepistis
480 1860 540 1913 me,
565 1838 645 1901 alius
669 1839 779 1901 ueniet
802 1841 835 1901 in
858 1840 991 1901 nomine
1014 1860 1085 1914 suo,
1106 1838 1196 1901 illum
1220 1838 1418 1920 suscipietis.
1448 1836 1502 1899 hic

265 1956 315 2009 est
339 1942 434 2009 fletus
459 1946 608 2020 Domini,
640 1947 716 2027 quia
739 1947 934 2009 uisitationis
958 1948 1027 2009 eius
1050 1957 1261 2029 susceptores
1284 1963 1351 2013 non
1376 1946 1525 2008 inueni-1⁵

265 2063 362 2116 untur
385 2052 503 2129 idonei,
527 2055 718 2135 magistrum
744 2056 862 2117 erroris
886 2054 1112 2117 antichristum
1136 2074 1199 2138 pro
1221 2063 1356 2116 auctore
1382 2054 1496 2116 salutis

265 2159 478 2243 postmodum
502 2163 693 2244 suscepturi.

371 2266 437 2330 Sed
462 2268 639 2343 uideamus,
664 2288 705 2330 an
729 2265 875 2330 felicibus
899 2269 967 2331 eius
990 2269 1131 2331 lacrimis
1154 2271 1327 2351 quisquam
1348 2289 1395 2331 ex
1431 2290 1500 2351 per·

265 2370 330 2439 fida
361 2377 492 2437 ciuitate
524 2376 695 2457 resipuerit
727 2385 760 2437 et
790 2376 1017 2438 lacrimantem
1051 2398 1163 2458 regem
1187 2375 1363 2439 lacrimoso
1388 2378 1499 2459 paeni-

264 2483 386 2545 tentiae
410 2502 547 2546 occursu
572 2484 750 2567 exceperit.
775 2484 928 2565 equidem
952 2484 1051 2568 paulo
1072 2493 1148 2548 ante
1164 2484 1209 2549 illi
1225 2485 1346 2548 exinde
1364 2505 1525 2567 proces-2⁰

263 2596 391 2665 serant,
423 2592 478 2672 qui
503 2593 706 2654 'uestimenta
736 2612 796 2654 sua
827 2611 901 2654 cum
925 2594 1024 2654 ramis
1047 2594 1230 2675 palmarum
1252 2594 1406 2674 uestigiis
1432 2595 1498 2656 eius

265 2698 526 2772 substernebant,
546 2698 764 2781 postmodum
789 2709 907 2774 autem,
931 2719 1007 2762 cum
1030 2701 1095 2762 iam
1118 2699 1294 2776 introisset,
1319 2699 1498 2764 Matthaeo

265 2802 425 2870 referente
450 2808 682 2887 cognobimus,
705 2808 782 2887 quia
805 2817 960 2869 commota
982 2818 1031 2869 est
1052 2808 1204 2869 uniuersa
1227 2807 1345 2870 ciuitas
1369 2808 1497 2870 dicem:

264 2915 336 2995 quis
358 2920 407 2975 e'st
427 2912 502 2975 tice
525 2915 601 2994 quia
617 2924 708 2976 tanta
723 2915 892 2977 turbarum
908 2913 1091 2996 frequentia
1106 2916 1290 2988 comitatus,
1314 2923 1348 2977 et
1365 2916 1494 2978 diuinae

265 3019 369 3083 laudis
400 3022 615 3083 consonantia
647 3021 828 3084 honoratus
862 3023 1047 3095 introierat,
1083 3023 1138 3103 qui
1172 3021 1332 3085 hactenus
1370 3023 1512 3104 absquee

264 3123 450 3190 huiusmodi
466 3135 607 3210 'pompa
638 3130 749 3191 uenire
773 3128 917 3205 solebat;
948 3129 1078 3209 ingrata
1101 3128 1215 3191 ciuitas
1243 3128 1371 3209 gloriae
1405 3129 1487 3194 hairu

265 3236 480 3298 admiratione
512 3235 711 3318 stupelacta,
750 3237 900 3318 quisnam
931 3245 1020 3299 esset
1051 3236 1219 3318 ambigere
1250 3247 1425 3318 coeperat.
1459 3235 1494 3298 ad

265 3342 507 3424 suscipiendum
540 3363 614 3406 eum
646 3353 713 3407 tam
744 3344 907 3426 imparata
937 3353 1024 3419 erat,
1055 3353 1091 3406 ut
1115 3345 1214 3406 etiam
1237 3343 1279 3404 de
1303 3346 1498 3425 cognitione

265 3447 437 3526 dubitaret,
461 3455 495 3512 et
517 3471 577 3513 nec
601 3462 636 3514 ut
659 3451 858 3534 prophetam
883 3471 902 3512 a
925 3450 1089 3514 Nazareth
1113 3449 1279 3513 Galilaeae
1303 3453 1499 3534 susciperet.

264 3557 433 3636 quomodo
457 3558 555 3638 igitur
578 3559 773 3620 uisitationis
797 3577 876 3619 suae
899 3565 1031 3640 tempus
1055 3566 1260 3639 agnosceret,
1283 3579 1372 3639 quae
1389 3560 1528 3641 ipsums⁰

264 3663 458 3726 uisitationis
483 3671 651 3728 auctorem
675 3663 873 3746 ignorabat?
897 3663 950 3726 ille
974 3674 1084 3726 autem
1108 3676 1229 3747 coepta
1251 3665 1387 3746 pietatis
1404 3665 1501 3747 largi·

264 3777 332 3832 tate
364 3772 449 3833 circa
479 3773 627 3853 ingratos
659 3773 892 3853 longanimiter
922 3771 1091 3846 utebatur,
1122 3781 1159 3834 ut
1188 3774 1262 3854 ipso
1292 3771 1440 3834 salutem
1468 3775 1500 3834 in

264 3875 374 3938 medio
391 3886 496 3940 terrae
513 3888 681 3962 operante,
698 3879 811 3941 salutis
828 3878 974 3964 eiusdem
991 3885 1238 3958 contemptores
1250 3879 1500 3941 inexcusabiles

263 3985 490 4047 inuenirentur.
515 3986 557 4048 de
574 3985 691 4067 quibus
708 3994 742 4047 et
756 3985 829 4066 ipse
846 3983 922 4046 alibi
939 3985 999 4045 ait:
1022 3983 1054 4044 si
1067 3989 1129 4044 nen
1145 3985 1309 4055 uenisseen,
1325 3993 1357 4044 et
1369 3983 1501 4047 locutus

261 4092 395 4166 seteisem
419 4093 472 4164 eis,
489 4103 656 4174 peecatum
680 4111 742 4153 nen
765 4091 934 4153 haberent:
957 4111 1042 4152 nunc
1056 4101 1162 4153 aretem
1177 4091 1417 4154 excnmleenem
1435 4115 1531 4162 nonu

262 4198 379 4260 halent
408 4199 446 4260 de
474 4207 604 4280 peccate
620 4205 623 4212 '
638 4221 702 4260 sno.
738 4220 815 4261 nam
848 4203 1027 4281 postquam
1060 4200 1223 4280 periturae
1257 4200 1383 4262 ciuitati
1420 4202 1499 4283 piae

370 4313 411 4389 te.
438 4342 498 4388 Luc.
529 4351 566 4405 19,
593 4354 707 4401 4¹244·
734 4367 769 4376 ψ-
798 4352 836 4400 ι4.
864 4340 937 4389 Conf.
964 4341 1001 4388 Io.
1024 4352 1046 4403 5,
1067 4353 1109 4402 43.
1130 4367 1164 4376 -ω
1184 4354 1224 4402 24.
1247 4342 1309 4390 Mar.
1330 4354 1373 4402 τι,
1400 4355 1499 4392 10.-

263 4426 305 4492 3⁶·
326 4431 363 4478 lo.
386 4439 425 4492 ις,
446 4441 488 4480 22.
