3167 5025
274 260 311 321 18

268 455 345 515 tutis
363 454 485 515 {ructus
501 454 534 515 in
551 453 682 516 caelesti
699 463 796 535 portu
814 454 991 516 constituit.
1009 454 1062 535 qui
1079 474 1161 535 ergo
1178 454 1223 516 sic
1239 453 1329 516 solus
1341 460 1498 527 remanet,

268 561 301 622 id
325 571 375 623 est
397 560 520 623 'nullam
544 582 674 623 suarum
699 561 814 624 uirium
838 560 1072 624 confidentiam
1088 560 1198 636 habet,
1222 562 1281 623 sed
1297 562 1408 623 dicere
1426 561 1498 622 Deo
1583 602 1584 637 3

269 690 343 731 cum
366 668 530 751 propheta
554 678 682 753 potest:
706 669 818 731 antino
842 690 912 731 mea
935 668 1135 731 desiderauit
1155 679 1184 730 te
1207 669 1242 731 in
1265 680 1370 731 nocte:
1392 668 1500 731 sedet

267 776 383 858 spiritu
406 797 473 838 meo
496 776 530 837 in
550 776 750 857 praecordiis
774 776 854 837 meis
877 776 916 837 de
938 797 1033 838 mane
1055 776 1199 859 uigilabo
1221 776 1270 838 ad
1288 788 1324 848 te,
1349 778 1410 839 iste
1431 777 1498 857 dig·
1577 797 1581 806 ·

268 904 346 947 num
370 905 406 947 se
430 885 556 965 gratiae
580 884 708 947 diuinae
733 893 960 966 susceptorem
985 883 1129 946 exhibet.

377 990 442 1056 Sed
468 992 646 1066 uideamus,
670 993 748 1073 quid
773 990 834 1053 sibi
858 992 936 1054 uelit
952 992 1141 1054 colluctatio
1153 992 1257 1072 Jacob
1279 1012 1353 1055 cum
1370 992 1497 1073 angelo.

268 1120 367 1181 quem
395 1119 462 1161 non
493 1098 598 1161 solum
623 1101 715 1179 quasi
739 1100 926 1162 uisitantem
950 1101 1143 1182 suscepisse,
1167 1101 1225 1161 sed
1249 1099 1338 1161 uelut
1363 1101 1497 1161 inuitum

269 1206 432 1288 usquead
450 1226 545 1269 mane
563 1206 691 1269 uidetur
707 1207 894 1270 detinuisse.
919 1208 965 1269 sic
985 1208 1071 1268 enim
1082 1208 1158 1289 'ipse
1175 1204 1311 1288 angelus
1328 1216 1496 1287 tamquam

269 1314 431 1377 uiolenter
458 1314 612 1379 detentus
629 1314 821 1397 expostulat
839 1315 965 1377 dicens:
990 1314 1115 1376 dimitte
1130 1336 1187 1386 me,
1210 1315 1278 1375 iam
1294 1315 1378 1376 enim
1394 1336 1498 1376 ascen-

269 1422 320 1483 dit
347 1442 475 1483 aurora.
507 1422 684 1503 respondit:
715 1444 777 1483 non
808 1422 972 1484 dimittam
1003 1433 1046 1494 te,
1086 1423 1153 1484 m'sz'
1181 1422 1378 1484 benedixeris
1406 1422 1497 1485 milri.
1510 1453 1530 1476 ω

265 1544 291 1590 'o
315 1528 526 1591 admirandae
551 1528 706 1591 uiolentia
730 1530 925 1604 deuotionis
949 1550 969 1591 o
994 1550 1135 1611 magnae
1167 1531 1391 1612 praesumptio
1423 1533 1497 1592 cari·

270 1638 356 1707 tatis',
379 1657 455 1699 uere
472 1636 574 1717 fortis
597 1647 633 1698 nt
654 1658 740 1697 niors
762 1636 896 1697 di'lectzi).
921 1636 1030 1699 felices
1054 1638 1110 1717 qui
1133 1636 1252 1698 talibus
1275 1637 1418 1719 probant
1442 1660 1495 1699 ex·

269 1744 467 1827 perimentis
492 1753 615 1823 quanta
638 1745 680 1805 sit
703 1742 797 1805 huius
822 1742 967 1805 efficacia
990 1742 1195 1806 fortitudinis
1225 1743 1277 1805 alii
1301 1756 1496 1826 apparentes
1583 1772 1584 1779 ³

270 1852 331 1915 sibi
363 1850 499 1933 angelos
529 1872 589 1914 nec
614 1852 776 1932 respicere
801 1852 934 1931 quidem
959 1850 1011 1912 uel
1035 1851 1156 1932 alloqui
1181 1852 1318 1922 audent,
1351 1851 1403 1913 alii
1428 1874 1494 1934 sup·

270 1958 397 2041 pliciter
432 1960 573 2040 primum
609 1960 756 2033 adorant,
788 1969 822 2019 et
854 1961 901 2019 ita
930 1981 965 2019 se
997 1960 1167 2021 audiendis
1192 1980 1305 2021 eorum
1332 1963 1521 2041 responsis13

270 2066 433 2129 humiliter
464 2068 631 2149 adaptant.
663 2068 724 2128 iste
756 2068 929 2149 apparenti
960 2068 1117 2129 audacter
1147 2068 1367 2148 congreditur,
1398 2078 1432 2129 et
1459 2089 1499 2130 ne

271 2176 364 2237 citius
400 2174 562 2237 abscedat·
593 2194 691 2255 quem
720 2174 973 2249 desiderauerat,
1005 2176 1131 2237 iniectis
1163 2174 1313 2237 manibus
1345 2178 1503 2237 remorari

271 2291 416 2344 conatur.
447 2302 585 2363 magnus
615 2281 667 2351 ille
692 2281 884 2362 angelorum
908 2292 1082 2362 susceptor
1104 2282 1285 2356 Abraham,
1310 2284 1502 2345 dimissurus

270 2388 446 2472 hospitem,
470 2388 595 2451 diutina
619 2386 882 2451 confabulatione
900 2408 1008 2450 moras
1029 2388 1200 2470 protrahit,
1224 2400 1417 2453 nontamen
1433 2393 1503 2453 uim
1582 2451 1583 2456 ,

271 2496 364 2561 lacit:
388 2498 449 2562 iste
474 2518 571 2578 quem
596 2506 794 2579 susceperat,
818 2517 879 2559 nec
896 2497 937 2558 de
954 2496 1028 2559 loco
1042 2497 1175 2578 quidem
1192 2500 1316 2561 moueri
1333 2499 1500 2581 permittit.
1515 2538 1539 2560 20
1582 2512 1583 2515 ’

271 2605 333 2679 ille,
357 2625 528 2686 quousque
553 2605 653 2666 diuini
676 2604 784 2666 iudicii
808 2605 1005 2665 sententiam
1029 2607 1257 2686 percontando
1281 2608 1445 2679 edisceret,
1479 2630 1502 2668 a

272 2713 437 2793 colloquio
461 2733 527 2774 non
553 2713 708 2788 cessauit;
733 2713 804 2786 iste,
828 2712 936 2773 donec
960 2721 1110 2794 optatam
1134 2724 1389 2794 consequeretur
1404 2715 1503 2778 bene·
1582 2724 1583 2737 ¹

272 2823 458 2894 dictionem,
483 2819 635 2901 angelum
660 2840 726 2881 non
750 2820 881 2881 dimisit.
906 2840 967 2881 nec
990 2821 1154 2882 immerito
1177 2822 1210 2882 in
1233 2821 1298 2884 hoc
1322 2843 1503 2903 congressu
1582 2818 1583 2823 ’

272 2932 357 2992 adeo
382 2929 607 2991 contentiosus
631 2937 709 3001 erat,
734 2928 789 3007 qui
814 2928 912 2990 etiam
937 2937 1013 2989 ante
1030 2929 1102 3010 ipsa
1117 2930 1296 2990 natiuitatis
1313 2951 1391 2991 suae
1409 2953 1503 2993 exor-

272 3039 326 3100 dia
357 3037 501 3098 luctandi
533 3035 726 3098 exercitium
758 3033 925 3098 habuerat.
961 3035 1049 3097 dicat
1080 3037 1179 3116 igitur
1210 3035 1297 3098 Osee
1329 3038 1525 3120 prophetas
1583 3097 1584 3100 ,

277 3144 415 3226 qualiter
447 3153 480 3206 et
503 3145 535 3205 in
560 3141 614 3205 illo
639 3143 816 3205 certamine
840 3142 974 3204 fratrem
998 3153 1031 3204 et
1055 3144 1086 3205 in
1110 3145 1174 3206 isto
1198 3144 1350 3226 angelum
1375 3168 1504 3229 supera·

273 3252 438 3318 ueritrin
470 3262 556 3314 utero
578 3249 803 3333 supplantarat
815 3253 958 3332 fratrem
982 3271 1093 3313 suzim:
1123 3264 1154 3314 et
1175 3253 1209 3314 in
1224 3253 1423 3333 fortitudine
1446 3278 1504 3317 sua

271 3339 409 3423 directos
439 3369 486 3423 est
515 3380 585 3420 cum
617 3357 738 3440 angelo.
769 3369 801 3420 et
830 3357 973 3420 imualm't
1002 3359 1050 3420 ad
1076 3360 1227 3441 atigelmn
1253 3371 1284 3421 et
1305 3363 1506 3440 confortatus

271 3478 335 3538 est,·
361 3447 460 3555 stertit
488 3475 518 3526 et
547 3465 677 3548 rogauit
705 3486 783 3526 eum.
820 3487 897 3528 uere
927 3465 991 3528 hoc
1023 3476 1074 3529 est
1110 3466 1322 3529 fortissimum
1358 3469 1504 3535 luctandi

274 3595 394 3656 genus,
422 3563 493 3655 ¹quo
518 3573 604 3638 flecti
628 3583 661 3636 et
685 3575 831 3656 superari
857 3575 999 3637 creditur
1022 3577 1092 3657 ipse
1117 3575 1307 3657 angelorum
1333 3577 1529 3662 Dominusn

272 3702 346 3744 cum
370 3681 493 3744 scilicet
517 3682 656 3751 lacrimis
681 3683 870 3744 insudamus
895 3692 928 3744 et
944 3682 1104 3764 precibus.
1128 3684 1154 3744 si
1176 3683 1231 3757 sic,
1255 3704 1277 3744 o
1293 3683 1506 3760 dilectissimi,
1583 3763 1584 3768 ἵ

272 3799 388 3852 contra
411 3790 519 3852 Deum
551 3789 652 3876 fortes
683 3789 821 3864 fueritiS,
853 3799 978 3870 quanto
1002 3792 1107 3871 magis
1132 3800 1247 3853 contra
1271 3813 1337 3866 eos,
1362 3814 1506 3873 quorum

272 3917 371 3978 supra
401 3897 541 3971 memini,
565 3896 653 3958 Esau
676 3897 857 3959 imitatores
888 3895 1137 3978 praeualebitis?
1168 3908 1342 3980 susceptus
1373 3901 1461 3962 enim
1487 3923 1506 3962 a

271 4004 367 4066 nobis
398 4025 539 4086 sponsus
571 4006 673 4067 teneri
705 3987 739 4066 se
772 4025 833 4067 nec
865 4006 931 4067 cito
962 4005 1081 4068 dimitti
1112 4006 1310 4080 delectatur,
1352 4007 1427 4070 licet
1461 4011 1504 4071 ad

271 4111 479 4192 probandam
503 4114 766 4196 perseuerantiae
791 4122 925 4174 nostrae
948 4113 1102 4174 uirtutem
1126 4113 1324 4194 aliquamdiu
1349 4115 1502 4178 reluctari
1514 4140 1536 4177 ss

272 4219 430 4281 uideatur.
471 4221 560 4300 quod
593 4227 626 4280 et
657 4219 777 4282 dilecta
800 4219 964 4300 quaedam
991 4217 1186 4283 fiducialiter
1208 4220 1348 4283 affirmat
1372 4223 1503 4285 dicens:
1577 4276 1580 4289 .

377 4377 401 4422 4.
422 4363 455 4410 Is.
477 4359 518 4422 26,
539 4379 562 4426 9.
589 4391 624 4397 -
652 4375 690 4410 10.
711 4361 776 4411 Gen.
798 4373 840 4423 32,
862 4358 895 4410 26
914 4371 940 4411 et
960 4372 1001 4424 27.
1029 4351 1062 4398 -’
1092 4375 1131 4412 12.
1152 4363 1225 4413 Cant.
1246 4364 1268 4424 8,
1289 4360 1313 4412 6.
1333 4393 1368 4399 —
1392 4378 1433 4430 ²9·
1454 4367 1500 4412 Os.

275 4465 314 4512 12,
335 4464 412 4514 3—4.
