3167 5025
1271 250 1311 322 75

69 436 199 520 utique
238 433 334 501 officii
373 443 424 501 est
462 455 643 522 pauperum
675 455 786 502 curam
820 455 950 521 gerere,
990 445 1105 522 utpote
1144 441 1315 502 scientium

69 557 272 627 egestatem
296 547 489 610 clericorum
514 548 565 610 uel
589 549 769 621 uiduarum,
794 569 876 628 quas
900 547 1000 610 habet
1017 547 1156 610 ecclesia
1171 550 1315 629 quaeuiS,

69 665 108 715 ut
133 654 195 716 his
220 677 264 717 ex
292 654 429 718 aliorum
453 655 596 717 fidelium
621 657 938 730 subministratione,
969 664 1068 738 prout
1092 665 1315 737 opportunum

69 761 187 836 luerit,
213 762 394 824 consulant.

51 893 61 925 s
191 869 324 931 Deinde
359 869 465 932 altiori
499 891 596 932 sensu
632 871 924 945 considerandum,
959 871 1036 952 quid
1069 869 1159 945 lana,
1194 871 1315 951 quidue

74 977 181 1037 linum
209 975 380 1056 significet.
405 987 497 1061 patet
513 987 623 1040 autem
640 998 684 1039 ex
701 979 815 1040 ordine
833 979 1102 1040 uestimentorum
1119 986 1315 1050 nostrorum,

73 1086 151 1164 quia
189 1085 349 1146 interiora
378 1093 454 1146 sunt
485 1084 585 1160 linea,
617 1087 784 1146 exteriora
816 1105 895 1146 uero
923 1084 1025 1146 lanea.
1059 1085 1105 1146 sic
1129 1093 1162 1146 et
1186 1085 1217 1145 in
1241 1085 1315 1166 ipso

73 1192 218 1254 homine
242 1192 294 1254 uel
319 1195 408 1254 omni
424 1194 493 1254 eius
510 1195 760 1255 conuersatione
781 1193 948 1274 quaedam
965 1194 1120 1254 interiora
1152 1192 1315 1273 quaedam

73 1310 151 1362 sunt
191 1301 378 1374 exteriora,
409 1300 473 1362 alia
495 1301 665 1362 subtiliora
689 1311 724 1362 ut
747 1302 848 1362 uestis
871 1301 973 1375 linea,
1004 1299 1067 1362 alia
1091 1301 1257 1380 grossiora
1281 1307 1316 1360 ut

45 1408 185 1469 ¹0lanea.
223 1407 379 1487 quicquid
415 1427 554 1489 corpore
589 1427 766 1490 operamur
800 1408 832 1468 in
867 1415 1024 1488 promptu
1060 1416 1126 1480 est,
1162 1405 1315 1487 quicquid

76 1517 199 1596 spiritu
231 1515 264 1574 in
296 1522 433 1576 secreto.
465 1515 572 1576 actiua
602 1533 684 1594 ergo
715 1516 783 1576 uita
815 1515 908 1596 quasi
940 1515 1085 1576 exterior
1114 1522 1146 1574 et
1171 1507 1317 1594 grossior

75 1623 195 1684 tunica
216 1641 279 1702 per
302 1619 426 1695 lanam,
459 1621 716 1704 contemplatiua
739 1621 874 1683 interior
898 1641 936 1683 ac
964 1620 1112 1683 subtilior
1135 1641 1194 1702 per
1217 1619 1317 1681 linum

78 1729 295 1810 significatur.
319 1727 506 1791 huiusmodi
530 1728 638 1790 lanam
663 1728 715 1790 uel
739 1729 840 1790 linum
857 1729 1034 1790 studiosius
1050 1729 1149 1790 beata
1165 1727 1317 1790 Felicitas

79 1838 248 1916 quaesiuit
278 1855 405 1916 nosque
436 1837 621 1898 necessario
653 1856 810 1916 quaerere
838 1837 958 1899 docuit.
990 1836 1049 1898 sed
1083 1835 1253 1916 quomodo
1285 1835 1317 1894 in

50 1970 71 2003 τε
81 1943 154 2006 lana
182 1964 242 2004 seu
267 1943 333 2006 lino
356 1943 430 2014 tali,
453 1953 583 2024 operata
606 1954 653 2005 est
675 1944 808 2005 consilio
830 1965 986 2006 monicum
1009 1944 1168 2006 suornm?
1190 1943 1317 2026 actiuae

82 2053 219 2132 quidem
244 2052 332 2112 uitae
354 2049 462 2112 officia
485 2051 678 2132 plerumque
701 2071 857 2114 manuum
881 2052 1041 2113 exercitio
1064 2058 1273 2132 peraguntur,
1298 2069 1318 2110 a

87 2159 223 2220 consilio
240 2178 395 2220 manuum
411 2161 541 2240 operari
559 2159 732 2238 figuratiua
755 2159 921 2223 locutione
945 2161 1070 2232 dicitur,
1095 2159 1185 2220 euius
1201 2177 1317 2218 manus
1356 2141 1358 2144 ⁵

91 2285 267 2348 numquam
299 2265 449 2327 defessae
482 2267 533 2329 uel
565 2266 740 2347 languidae
764 2269 824 2330 sed
848 2277 984 2350 paratae
1009 2287 1139 2348 semper
1167 2265 1208 2328 ad
1232 2265 1317 2326 bene

95 2375 254 2452 agendum
293 2374 508 2435 inueniuntur.
555 2375 696 2455 qualiter
735 2385 846 2438 autem
885 2373 1143 2457 contemplatiua
1181 2373 1317 2435 consilio

62 2499 241 2544 ²0manuum
266 2480 393 2561 agitur?
417 2483 578 2544 interioris
601 2483 734 2564 quidem
758 2482 900 2546 hominis
924 2483 1043 2559 studio,
1067 2491 1225 2564 quantum
1243 2482 1317 2543 Deo

92 2586 247 2669 largiente
287 2608 481 2650 concessum
520 2589 628 2663 fuerit,
667 2591 848 2665 obtinetur,
888 2591 995 2652 bonae
1033 2599 1144 2652 tamen
1180 2590 1317 2651 actionis

96 2697 283 2770 ministerio,
322 2697 412 2777 quod
448 2697 597 2759 manibus
633 2696 685 2772 fit,
723 2718 971 2780 nonnumquam
1011 2698 1198 2770 adiuuatur,
1238 2698 1316 2758 dum

102 2804 222 2879 caritas,
252 2824 339 2885 quae
370 2804 412 2866 ad
444 2803 606 2867 fraternae
636 2808 843 2868 necessitatis
874 2827 958 2888 opus
991 2807 1139 2887 corporis
1169 2805 1317 2866 membra

101 2912 291 2973 extrinsecus
326 2917 478 2991 uegetat,
513 2913 633 2974 me'ntis
667 2913 798 2975 oculum
835 2934 915 2975 mox
951 2915 993 2975 ad
1030 2906 1317 2994 contemplationis

64 3035 86 3068 ²5
93 3019 226 3095 gratiam
250 3018 390 3081 alacrius
412 3018 559 3082 illustrat.
583 3029 696 3103 potest
719 3023 818 3083 etiam
841 3042 900 3103 per
916 3020 1033 3095 lanam,
1057 3041 1142 3101 quae
1159 3040 1202 3081 ex
1219 3040 1317 3082 carne

90 3127 187 3189 oritur
212 3134 246 3198 et
270 3126 312 3188 de
336 3146 402 3207 qua
425 3128 526 3188 uestis
550 3128 697 3189 exterior
720 3127 907 3201 conficitur,
941 3126 1079 3189 carnalis
1103 3127 1156 3188 ille
1180 3126 1317 3189 affectus

87 3235 206 3316 accipi,
239 3254 305 3314 quo
329 3234 372 3294 ad
395 3233 556 3295 amandos
580 3241 736 3316 parentes
759 3234 812 3296 uel
836 3235 1099 3315 consanguineos
1128 3235 1318 3311 naturaliter

86 3340 295 3421 instigamur;
326 3360 386 3422 per
416 3340 516 3402 linum
549 3361 628 3403 uero
651 3342 797 3416 diuinus,
828 3361 895 3423 quo
920 3342 962 3403 ad
987 3338 1094 3423 ipsum
1119 3342 1226 3403 Deum
1251 3342 1317 3404 dili·

85 3450 231 3526 gendum
264 3449 420 3510 ducimur.
451 3447 551 3509 linum
583 3449 706 3531 quippe
728 3446 899 3512 difficilius
923 3470 943 3510 a
966 3450 1078 3511 natiuo
1103 3448 1240 3511 humore
1265 3450 1317 3512 uel

56 3558 191 3618 rouirore
208 3556 252 3617 ad
268 3557 447 3618 candorem
464 3564 497 3617 et
513 3556 727 3620 subtilitatem
751 3556 949 3639 perducitur,
974 3566 1008 3619 et
1024 3576 1116 3618 mens
1133 3557 1317 3619 carnalibus

82 3674 217 3727 assueta
252 3664 309 3726 uix
341 3664 519 3746 aliquando
551 3664 696 3726 diuinum
729 3664 817 3727 hunc
850 3666 890 3726 in,
916 3686 952 3726 se
985 3666 1121 3748 suscipit
1154 3666 1316 3727 aflectum.

82 3770 193 3836 littera
216 3792 296 3834 uero
320 3770 402 3834 haec
418 3773 465 3834 ita
479 3773 512 3834 in
529 3771 592 3833 alia
607 3772 822 3834 translatione
846 3773 995 3854 ponitur:
1018 3773 1187 3839 inueniens
1201 3770 1315 3835 'lanam

83 3889 114 3941 et
140 3880 243 3941 linum
267 3877 344 3940 fecit
368 3863 445 3941 utile
468 3877 619 3941 manibus
643 3881 718 3941 suis
742 3880 842 3942 beata
866 3900 946 3961 ergo
976 3880 1128 3943 Felicitas
1152 3881 1315 3943 carnalem

83 3988 173 4050 illum
198 3986 370 4061 affectum,
401 4008 467 4067 quo
491 3984 575 4049 filios
598 4008 675 4049 suos
700 3987 870 4069 diligeret,
902 4008 970 4049 non
994 3986 1124 4051 aliunde
1148 3989 1314 4069 quaesiuit,

56 4116 75 4150 rs
85 4095 142 4156 sed
167 4095 308 4175 inipso,
331 4103 366 4156 ut
390 4095 436 4155 ita
459 4094 577 4170 dicam,
599 4103 737 4156 naturae
761 4096 833 4156 sinu
853 4095 978 4157 inuenit
986 4116 993 4173 3
1018 4093 1094 4158 lecit
1111 4105 1221 4158 tamen
1238 4096 1315 4157 utile

85 4201 237 4263 manibus
266 4201 349 4276 suis,
382 4202 562 4264 ostendens
594 4201 626 4263 in
650 4203 739 4264 omni
763 4222 866 4283 opere
890 4222 950 4264 suo
975 4204 1063 4264 etin
1088 4204 1160 4284 ipso
1184 4200 1314 4283 quoque

87 4309 235 4389 martyrii
260 4308 408 4382 termino,
432 4308 517 4369 bene
541 4308 726 4369 ordinatam
751 4328 824 4369 sese
848 4306 970 4371 habere
995 4312 1179 4371 caritatem·
1207 4302 1315 4389 tetigit

87 4418 218 4497 quidem
253 4435 310 4474 cor
342 4409 410 4475 eius
445 4415 581 4475 carnalis
614 4415 666 4477 ille
701 4415 854 4493 aflectuS,
888 4417 1101 4477 morientibus
1134 4437 1244 4477 coram
1278 4437 1313 4479 se
