3167 5025
255 273 299 341 90

255 461 356 524 m'brcs
384 458 494 521 lsrael.
526 452 676 541 profecto
708 464 741 522 et
771 457 966 523 senatricem
998 453 1082 523 hanc
1112 455 1245 524 beatam
1275 454 1492 522 Felicitatem

256 589 330 630 cum
361 566 567 630 senatoribus
598 565 670 628 liliis
699 568 766 632 suis
796 569 868 651 ipse
899 569 948 632 uir
978 570 1047 631 eius
1079 567 1265 643 exhibebit,
1296 578 1330 630 ut
1365 569 1493 630 mentis
1564 594 1567 598 ·

255 674 458 737 debilitatem
482 673 588 736 nullus
611 675 754 736 uirorum
779 695 938 738 excusare
962 677 1076 758 possit,
1111 676 1244 758 quando
1268 674 1350 738 haec
1380 684 1489 737 osten·

255 784 350 858 ditur,
374 802 458 863 quae
482 802 556 843 cum
580 781 711 843 saeculo
736 791 768 843 et
791 803 909 844 sexum
934 784 1018 845 uicit.
1042 784 1075 845 in
1091 783 1150 845 illis
1166 784 1271 865 portis
1287 804 1368 845 uera
1389 785 1492 844 etiam

254 893 354 975 ipsius
377 891 531 954 nobilitas
555 892 733 972 conspicua
756 893 834 968 erit,
863 912 948 973 quae
971 891 1047 954 licet
1068 891 1295 974 despiceretur
1325 892 1379 952 in·
1399 911 1517 972 prae-s

254 1001 348 1073 senti,
370 1020 438 1061 non
460 1008 572 1060 tamen
597 996 865 1073 confundebatur,
887 1018 963 1062 cum
988 998 1175 1079 loqueretur
1198 999 1335 1061 inimicis
1361 1000 1438 1059 suis
1463 1001 1493 1059 in

255 1116 360 1190 porta,
383 1107 416 1168 id
440 1114 492 1167 est
514 1107 546 1166 in
570 1105 784 1186 publicouiri
808 1108 857 1168 sui
881 1106 1019 1187 gloriam
1043 1107 1269 1169 annuntians«

657 1336 965 1401 CAPITVLVM
996 1337 1075 1402 XV.

624 1482 718 1545 Laus
743 1485 785 1545 ab
811 1501 915 1561 opere
939 1503 1118 1546 manuum.

363 1642 535 1705 Stationem
550 1643 635 1724 fecit
655 1653 687 1705 et
707 1642 861 1716 uendidit,
885 1654 915 1705 et
936 1644 1100 1726 cingulum
1116 1643 1256 1707 tradidit
1277 1643 1483 1709 chananaeo.
1495 1660 1516 1684 1⁰
1570 1671 1573 1709 ,⁴2

254 1752 435 1832 praemissa
457 1750 601 1812 breuiter
623 1749 720 1813 futuri
743 1752 851 1813 iudicii
875 1751 1065 1834 prophetia,
1097 1753 1341 1834 subiunguntur
1376 1753 1480 1815 denuo

255 1879 354 1941 saepe
378 1859 442 1920 iam
466 1859 574 1920 dictae
599 1859 740 1920 mulieris
763 1858 856 1921 fortis
880 1859 1049 1942 praeclara
1072 1880 1182 1943 opera,
1206 1879 1350 1942 quorum
1368 1861 1475 1922 men'to
1572 1885 1573 1899 ¹

254 1987 328 2029 cum
360 1966 536 2050 praedictis
559 1966 765 2029 senatoribus
790 1968 832 2030 ad
856 1969 1065 2031 iudicandum
1089 1970 1206 2030 ueniat.
1238 1969 1301 2030 tria
1326 1983 1406 2030 uero
1424 1966 1468 2026 hic
1572 1997 1573 2012 1

254 2075 376 2157 pariter
400 2074 688 2136 commendantur:
712 2095 797 2157 opus
819 2094 982 2151 manuum,
1006 2077 1082 2157 quia
1098 2076 1270 2138 sindonem
1286 2074 1386 2153 fecit;
1408 2073 1466 2135 utile

253 2183 440 2262 negotium,
472 2182 547 2262 quia
571 2181 734 2259 uendidit;
765 2181 958 2258 liberalitaS,
992 2184 1068 2264 quia
1091 2183 1256 2264 cingulum
1280 2181 1497 2246 Chananaeoe

254 2289 397 2350 tradidit.
421 2289 454 2350 in
477 2289 578 2350 linteo
601 2290 756 2361 sindonis
784 2291 875 2371 quod
899 2290 1016 2354 subtile
1041 2300 1074 2354 et
1095 2291 1171 2354 lene
1195 2300 1253 2365 est,
1269 2311 1350 2352 nec
1367 2289 1478 2373 asperi·

254 2404 323 2458 tate
347 2396 456 2476 aliqua
479 2395 531 2456 uel
554 2397 775 2476 grossitudine
800 2400 899 2460 etiam
916 2399 1046 2461 delicati
1062 2398 1233 2462 cuiuslibet
1250 2398 1479 2479 corpusculum

254 2503 400 2578 offendit,
424 2512 519 2585 grata
541 2513 573 2566 et
588 2514 778 2587 opportuna
794 2508 923 2587 requies
939 2505 1136 2588 intelligitur,
1160 2528 1225 2588 qua
1242 2505 1330 2588 apud
1349 2505 1478 2569 beatam

254 2611 458 2674 Felicitatem
490 2612 616 2693 paruuli
646 2613 679 2674 in
709 2611 775 2675 fide
807 2612 1017 2686 souebantur,
1051 2608 1108 2695 qui
1128 2623 1163 2676 et
1187 2613 1312 2676 consilii
1336 2616 1411 2676 eius
1436 2611 1480 2675 uel

254 2718 494 2781 exhortationis
526 2719 643 2781 solatio
675 2729 708 2781 et
738 2721 969 2803 temporalium
1001 2723 1251 2784 commodorum
1286 2722 1507 2803 indigebant20

254 2828 408 2890 subsidio.
439 2825 504 2888 hoc
535 2829 620 2889 enim
650 2830 886 2910 persecutionis
910 2839 1060 2912 tempore
1083 2830 1302 2893 necessarium
1327 2838 1421 2906 erat,
1451 2836 1481 2889 ut
1565 2850 1573 2980 p

253 2934 446 2999 infirmiores
471 2935 522 2996 uel
548 2937 763 3017 pauperiores
786 2938 906 3019 quique
931 2939 1018 3021 apud
1036 2958 1102 3014 eos,
1125 2939 1181 3019 qui
1197 2928 1412 3001 facultatibus
1430 2957 1481 3001 seu

253 3043 468 3124 dignitatibus
492 3042 605 3104 mundi
629 3044 893 3125 praeminebant,
917 3044 1060 3108 latebras
1084 3046 1281 3119 inuenirent,
1312 3045 1369 3107 ubi
1394 3045 1483 3108 uelut

255 3150 478 3214 ameridiano
502 3149 704 3214 declinantes
729 3161 821 3213 aestu
846 3161 981 3234 optatae
1003 3153 1121 3234 quietis
1152 3151 1361 3233 refrigerium·
1386 3152 1481 3217 habe·
1572 3191 1573 3275 p

219 3274 221 3279 ’
254 3267 335 3326 rent.
366 3257 451 3322 tales
472 3257 572 3319 beata
595 3267 721 3338 martyr
745 3268 893 3321 materna
917 3260 1052 3325 caritate
1077 3261 1271 3342 suscipienS,
1303 3268 1374 3322 tam
1411 3262 1503 3323 doc-²³

253 3366 358 3427 trinae
392 3366 546 3428 uberibus
582 3386 681 3447 quam
716 3368 908 3429 necessariis
944 3368 1042 3430 rebus
1081 3376 1265 3430 sustentare
1304 3369 1475 3448 gaudebat

254 3492 353 3553 quam
376 3475 522 3553 requiem
547 3494 620 3535 cum
645 3475 796 3536 omnibus
814 3495 832 3535 a
848 3494 884 3536 se
908 3476 1117 3556 exigentibus
1141 3477 1243 3557 gratis
1264 3466 1473 3558 impenderet,

254 3581 427 3661 quomodo
448 3582 623 3654 uendebat‚
647 3583 708 3643 nisi
732 3583 809 3662 quia
832 3601 899 3644 non
923 3583 1036 3645 datum
1061 3585 1119 3647 sed
1135 3583 1273 3646 fructum
1290 3586 1478 3664 quaerebat}

253 3696 290 3749 ut
314 3688 437 3752 diceret
461 3708 535 3749 cum
560 3687 729 3770 apostolo:
750 3707 820 3751 non
844 3690 930 3751 enim
947 3710 1071 3771 quaero
1088 3700 1197 3754 uestra
1214 3691 1272 3753 sed
1289 3710 1350 3752 uos
1368 3690 1481 3774 ipsos?

360 3794 511 3876 Ipsorum
544 3795 642 3858 fidem
673 3805 707 3857 et
738 3796 893 3872 salutem,
925 3800 1025 3860 immo
1057 3801 1164 3881 ipsum
1188 3800 1220 3861 in
1242 3800 1290 3861 eis
1314 3797 1510 3863 Christum]o
1572 3826 1573 3862 r

254 3903 450 3983 quaerebat,
482 3923 582 3983 quem
611 3912 645 3965 et
675 3906 891 3988 suscipiebat3
910 3916 958 3968 et
989 3906 1050 3969 illis
1082 3906 1250 3969 uisibiliter
1269 3908 1372 3988 -apud
1407 3928 1483 3971 eam
1572 3966 1573 3971 ,

254 4010 515 4093 quiescentibuS‚
545 4013 616 4094 ipse
637 4012 851 4075 *inuisibiliter
878 4014 912 4075 in
944 4015 1013 4075 eius
1036 4014 1137 4075 corde
1160 4022 1328 4095 tamquam
1352 4016 1387 4077 in
1405 4017 1482 4078 sub·

254 4120 404 4182 tilissimo
434 4119 581 4181 sindonis
611 4119 712 4182 linteo
729 4130 870 4202 ⁴gratam
894 4122 959 4184 sibi
979 4122 1182 4184 mansionem
1206 4120 1373 4187 habebat·
1391 4122 1482 4205 quod

254 4236 289 4290 et
317 4228 352 4289 in
374 4227 447 4310 ipsa
464 4228 539 4288 eius
554 4227 731 4309 sepultura
754 4230 1002 4311 praesignatum
1026 4237 1092 4305 est,
1108 4230 1209 4293 vcuius
1224 4240 1481 4294 sacrosanctum·

254 4355 374 4418 corpus
398 4335 587 4418 depositum
596 4333 723 4416 Joseph
739 4336 876 4398 inuoluit
892 4338 1038 4401 sindone.
1063 4338 1185 4404 munda
1201 4339 1322 4421 quippe
1340 4340 1478 4402 sindone
1489 4362 1510 4398 ,πο

365 4492 384 4527 r.
406 4480 469 4527 Mat.
493 4491 531 4543 19,
553 4477 710 4540 28.—-29.
732 4477 806 4526 Cons.
827 4479 860 4527 II.
881 4478 939 4528 Cor.
965 4492 1002 4543 12,
1027 4490 1066 4542 14.
1140 4479 1142 4483 '
1191 4488 1193 4495 ·
