3167 5025
701 735 1019 835 TVTONlS

249 955 406 1049 Pissiu
436 954 698 1048 Slltlollll
728 955 960 1048 lllRllRllll
988 956 1084 1066 llll,
1114 953 1309 1046 llllllllSTl
1341 952 1479 1051 lllllll
1572 974 1574 1029 l

700 1135 1022 1228 Clililllillllll.

1573 1440 1574 1465 r

357 1447 551 1567 Regnante
581 1486 726 1549 Domino
757 1495 872 1549 nostro
898 1486 975 1566 Jesu
1000 1484 1130 1549 Christo
1161 1494 1195 1548 et
1225 1485 1479 1547 coruscantibus
1573 1468 1574 1505 ³

250 1594 371 1676 passim
403 1593 552 1657 salutaris
584 1593 659 1656 fidei
689 1595 788 1656 radiis
826 1596 925 1658 etiam
956 1596 989 1656 in
1018 1573 1153 1676 regione
1183 1593 1320 1655 umbrae
1353 1593 1508 1666 mortis,s

252 1710 343 1764 ortus
366 1709 417 1764 est
441 1723 484 1763 ex
508 1701 654 1765 Lucania
677 1703 847 1784 prouincia
877 1702 1085 1765 beatissimus
1109 1722 1191 1784 puer
1212 1701 1347 1762 nomine
1372 1699 1478 1774 Vitus,
1574 1716 1576 1751 l

252 1810 307 1890 qui
330 1810 430 1870 totius
454 1809 590 1883 uirtutis
614 1817 650 1870 ut
673 1810 831 1890 scriptum
855 1818 914 1884 est,
937 1810 1121 1872 doctrinam
1137 1809 1230 1890 quasi
1246 1807 1474 1870 antelucanum

250 1915 445 1978 illuminaret
469 1915 628 1979 omnibus,
659 1917 692 1978 in
716 1937 783 1998 quo
806 1925 842 1978 ut
866 1916 1049 1980 euidentius
1079 1915 1274 1979 claresceret
1301 1914 1423 1977 collata
1442 1915 1470 1974 ei

252 2024 405 2087 diuinitus
437 2023 587 2105 specialis
618 2025 850 2106 praerogatiua
876 2024 1104 2098 beatitudinis,
1134 2043 1347 2104 nequaquam
1372 2024 1405 2084 in
1422 2022 1468 2082 uia

251 2131 316 2193 Dei
339 2139 512 2212 parentum
537 2151 669 2192 suorum
694 2132 840 2212 uestigiis
864 2130 1001 2206 ducitur,
1024 2131 1084 2193 sed
1107 2129 1169 2192 illis
1191 2131 1277 2192 inter
1298 2150 1383 2192 uasa
1407 2146 1498 2191 con-¹0

252 2237 404 2300 tumeliae
421 2238 454 2298 in
470 2237 652 2317 gentilitate
676 2238 953 2318 permanentibus,
976 2239 1048 2318 ipse
1064 2257 1123 2318 per
1138 2236 1333 2300 electionem
1352 2238 1476 2317 gratiae

251 2347 335 2408 inter
358 2343 441 2408 filios
466 2344 528 2406 Dei
552 2352 769 2427 computatur.
801 2365 908 2426 neque
932 2365 1012 2407 uero
1038 2344 1158 2406 diuitiis
1188 2342 1399 2406 affluentibus
1425 2365 1478 2406 cor

252 2472 420 2537 apponere
444 2450 547 2514 uoluit
570 2460 696 2515 mature
720 2451 925 2533 intelligens,
955 2453 1032 2533 quia
1055 2451 1130 2514 Deo
1153 2452 1276 2534 pariter
1297 2459 1331 2514 et
1357 2472 1480 2514 mamo

251 2580 313 2623 nae
345 2561 465 2623 seruire
497 2580 564 2622 non
595 2561 707 2643 possit.
739 2562 859 2642 spretis
899 2561 998 2641 igitur
1035 2560 1187 2622 omnibus
1217 2561 1250 2622 in
1280 2560 1345 2622 Dei
1378 2560 1480 2623 solius
1576 2593 1577 2600 ,

252 2669 384 2731 seruitio
408 2667 488 2728 totis
511 2676 579 2729 tam
603 2668 701 2730 animi
724 2688 824 2749 quam
848 2669 995 2750 corporis
1018 2675 1199 2751 occupatur
1221 2667 1352 2741 uiribus,
1376 2669 1480 2730 immo
1489 2692 1509 2728 ιε

251 2786 285 2839 et
316 2775 399 2837 ultra
430 2776 531 2850 uires,
562 2775 685 2837 ieiuniis
710 2775 827 2857 uigiliis
860 2786 894 2837 et
925 2776 1127 2837 orationibus
1158 2776 1340 2855 ceterisque
1374 2774 1480 2839 huius·

252 2884 342 2947 modi
373 2891 554 2945 exercetur·
577 2881 752 2948 laboribus.
784 2884 875 2963 quod
899 2892 935 2945 ut
962 2882 1101 2964 amplius
1133 2882 1317 2957 admireris,
1349 2903 1420 2945 non
1451 2885 1479 2945 ei

251 2991 421 3053 maturitas
445 3010 489 3051 ex
513 2997 663 3071 tempore
687 3010 748 3051 nec
772 2989 872 3051 robur
895 2997 930 3051 ut
952 2989 1075 3051 assolet
1095 3002 1142 3051 ex·
1155 2987 1269 3051 adulto
1289 3001 1480 3052 accesserat

253 3117 400 3181 corpore,
429 3116 503 3159 cum
527 3095 681 3179 puerulus
705 3106 793 3157 esset
817 3105 945 3159 tantum
968 3097 1145 3177 septennis
1177 3096 1341 3158 atterebat
1356 3106 1480 3160 *tenera

251 3205 382 3267 delicati
406 3201 554 3265 membra
577 3201 761 3283 corpusculi
785 3203 962 3283 asperitate
985 3203 1084 3264 nimia
1106 3201 1208 3276 cilicii,
1231 3202 1338 3263 carnis
1354 3204 1506 3287 quippe²⁰

252 3311 457 3375 nobilitatem
482 3311 669 3390 cultumque
693 3297 737 3372 illi
760 3318 999 3389 congruentem
1023 3319 1058 3372 ut
1082 3309 1196 3371 florem
1224 3309 1375 3371 calcabat
1398 3332 1476 3373 mar·

252 3427 447 3481 cescentem.
482 3419 599 3481 talibus
623 3419 799 3481 instantem
824 3418 939 3480 studiis
972 3417 1085 3479 diuina¹
1114 3417 1255 3479 roborat·
1283 3417 1470 3491 consolatio,

253 3546 327 3589 cum
359 3547 427 3587 uox
458 3526 500 3589 ad
532 3545 607 3587 eum
638 3524 774 3587 caelitus
803 3523 914 3585 delata
936 3545 1071 3605 precum
1095 3525 1164 3587 eius
1187 3523 1367 3587 efficaciam
1392 3526 1472 3589 fideli

253 3634 416 3716 approbat
441 3633 637 3695 testimonio.
684 3632 779 3706 Vite,
803 3632 921 3712 inquit,
944 3632 1105 3693 exaudita¹
1125 3640 1175 3693 est
1198 3632 1305 3693 oratio
1329 3641 1403 3708 tua,
1428 3636 1477 3696 de·

253 3743 373 3805 siderio
405 3742 531 3802 animae
562 3750 638 3801 tuae
669 3738 847 3802 satisfaciet
870 3740 976 3819 gratia
1000 3760 1081 3800 mea.
1113 3741 1206 3801 adest
1229 3748 1404 3821 praeterea
1428 3742 1508 3804 de-2s

253 3859 369 3933 putata
399 3868 502 3931 puero
534 3849 669 3909 senioris
701 3847 889 3929 paedagogi
913 3847 1003 3909 beati
1026 3847 1170 3909 Modesti
1193 3846 1259 3909 fida
1282 3847 1477 3922 sollicitudo,

254 3957 455 4037 obsequitur,
478 3954 540 4015 lert
557 3974 676 4029 curam,
701 3953 836 4016 adhibet
853 3953 1063 4034 diligentiam,
1088 3955 1177 4016 cuius
1201 3953 1253 4015 ille
1277 3954 1365 4017 dulci
1382 3954 1478 4017 collo·
1576 3975 1577 3978 ’

253 4065 330 4145 quio
354 4084 393 4125 ac
417 4062 549 4124 salutari
573 4061 708 4124 consilio
733 4059 822 4123 uelut
845 4062 990 4142 quodam
1014 4061 1159 4124 ardentis
1183 4061 1333 4123 desiderii
1354 4063 1478 4142 gaudet
1576 4103 1577 4108 κ

253 4172 429 4253 refrigerio.
455 4172 505 4232 cui
529 4178 562 4231 et
585 4170 683 4231 beata
708 4168 897 4232 Crescentia
920 4169 1075 4232 familiare
1099 4168 1306 4232 nihilominus
1330 4178 1478 4253 praestat
1576 4175 1577 4178 ’

254 4280 465 4360 obsequium,
496 4278 629 4340 sedulae
653 4278 786 4357 nutricis
815 4277 954 4359 implens
978 4276 1135 4355 officium;
1167 4278 1337 4359 tribusque
1360 4276 1410 4339 his
1435 4280 1478 4340 in·
1487 4306 1512 4344 ³0

254 4386 383 4450 solubili
406 4385 522 4447 beatae
547 4386 713 4447 societatis
736 4383 870 4445 foedere
893 4384 998 4458 unitis,
1022 4387 1094 4465 quis
1117 4387 1181 4447 iam
1205 4385 1366 4467 triplicem
1390 4384 1477 4449 hunc
