3167 5025
261 214 301 275 62

261 410 407 473 abiectos
439 410 480 473 de
512 408 624 492 plebe,
664 411 722 472 sed
754 412 846 493 ipsos
880 408 1013 472 humani
1044 411 1174 491 generis
1212 411 1428 493 praecipuos
1465 431 1498 474 ac

260 518 510 582 iucundissimos
534 516 676 580 absumit
699 517 861 580 flosculos,
895 568 899 577 .

367 623 531 705 Quocirca
555 626 597 687 ad
619 625 854 689 sublimitatem
878 624 966 689 illam
990 624 1165 707 spiritualis
1189 625 1358 700 cenaculi‚
1384 624 1499 707 inquo

260 734 421 796 Dominus
453 730 566 795 fideles
590 753 668 796 suos
692 732 900 817 paschalibus
928 731 1031 795 reiicit
1054 733 1288 808 sacramentiS,
1323 734 1425 795 omni
1449 734 1499 795 uir·

259 848 328 904 tute
353 841 608 918 contendamus;
643 839 695 903 hic
719 842 805 903 enim
828 840 922 903 samis
947 849 980 902 et
1003 841 1073 903 sitis
1096 842 1263 922 totiusque
1290 841 1518 923 captiuitatiss

259 950 427 1029 angustias
467 948 653 1011 euademus.
693 956 809 1011 contra
846 947 966 1011 famem
1011 948 1134 1031 quippe
1180 948 1419 1011 immortalem
1454 947 1500 1010 hic
1559 952 1561 967 '

258 1056 410 1139 praebuit
435 1056 622 1119 alimoniam
646 1057 775 1119 dicens:
799 1057 932 1139 accipite
953 1066 985 1118 et
1005 1056 1199 1119 manducate
1220 1078 1264 1119 ex
1280 1055 1358 1119 hoc
1376 1076 1496 1117 omnes.
1559 1103 1561 1168 l

259 1163 404 1227 similiter
435 1172 550 1227 contra
581 1164 667 1226 sitim
699 1165 848 1246 porrexit
879 1163 1031 1237 calicem,
1064 1163 1219 1246 accipite,
1251 1164 1437 1245 inquienS,
1470 1170 1498 1222 et
1559 1171 1561 1240 l

258 1270 360 1333 bibite
384 1292 428 1333 ex
453 1292 493 1333 eo
517 1291 641 1333 omnes.
673 1280 706 1333 et
730 1271 815 1334 sicut
838 1270 923 1333 hanc
947 1270 1042 1333 nobis
1065 1272 1206 1353 gratiam
1229 1270 1441 1343 collaturus,
1469 1270 1496 1330 in

259 1378 415 1442 cenaculo
440 1379 560 1461 suscipi
584 1378 687 1447 uoluit
703 1379 874 1454 Dominus
898 1380 943 1441 ita
965 1380 1189 1462 postmodum,
1214 1382 1288 1441 cu'm
1316 1380 1391 1441 iam
1418 1398 1521 1440 com-¹0

258 1484 424 1569 plerentur
447 1487 517 1549 dies
534 1486 755 1560 Pentecostes,
779 1488 858 1549 item
881 1488 914 1548 in
938 1485 1104 1562 cenaculo,
1128 1507 1201 1549 cum
1226 1507 1351 1550 omnes
1378 1488 1495 1569 pariter
1559 1475 1561 1624 Ι

259 1603 370 1657 essent
402 1592 567 1677 discipuli,
598 1596 726 1678 suscipi
746 1596 902 1677 dignatus
925 1604 976 1657 est
999 1594 1131 1677 spiritus
1155 1604 1296 1657 sanctus.
1335 1595 1396 1658 hic
1420 1614 1493 1675 ergo

258 1702 457 1785 computruit
490 1702 601 1783 iugum
635 1703 835 1785 captiuitatis
869 1707 1001 1765 nostiae
1034 1724 1055 1764 a
1086 1701 1169 1765 facie
1201 1702 1289 1777 olei,
1319 1704 1358 1765 id
1397 1711 1451 1764 est
1477 1722 1492 1761 a
1559 1675 1561 1821 Ι

256 1810 445 1892 praesentia
468 1810 600 1891 spiritus
624 1810 737 1873 sancti.
771 1830 848 1871 ecce
873 1818 1031 1891 quantum
1055 1809 1143 1871 ualet
1167 1810 1309 1872 altitudo
1337 1808 1489 1878 cenaculi,
1559 1823 1561 1828 ·

257 1917 311 1980 ubi
335 1918 399 1979 iam
424 1918 570 1979 secundo
595 1916 802 1979 manifestata
826 1926 859 1979 et
883 1928 1037 1999 suscepta
1070 1938 1109 1979 ac
1142 1916 1318 1999 magnifice
1356 1926 1508 2001 operatas

257 2033 308 2088 est
332 2026 519 2107 praesentia
543 2025 613 2088 Dei.
646 2046 759 2088 uerum
783 2034 819 2087 ut
843 2024 1039 2107 etamplius
1063 2025 1184 2107 aliquid
1208 2026 1250 2088 de
1278 2026 1483 2088 multitudine

259 2133 506 2195 miserationum
531 2133 599 2195 eius
623 2134 740 2195 dicere
758 2153 976 2215 praesumam,
999 2133 1146 2214 quisquis
1169 2133 1341 2215 spirituale
1360 2152 1486 2196 cenacu-

256 2240 339 2314 lum,
371 2241 403 2302 id
429 2249 479 2303 est
503 2239 676 2303 sublimem
700 2238 789 2301 illum
813 2242 845 2302 in
877 2241 1046 2323 scripturis
1069 2241 1187 2303 diuinis
1211 2241 1415 2303 meditando
1437 2238 1484 2300 sre-

257 2356 415 2431 quentare
440 2349 610 2410 consueuit
633 2348 845 2422 intellectum,
868 2349 973 2411 credo
992 2348 1068 2430 quia
1084 2349 1214 2430 saepius
1238 2349 1434 2411 uisitantem
1456 2365 1484 2406 se

257 2456 423 2540 suscipere
448 2464 612 2518 mereatur
635 2455 751 2519 Deum.
784 2476 877 2519 sacra
901 2476 1042 2538 namque
1073 2457 1234 2539 scriptura
1264 2457 1426 2520 diuinitus
1447 2454 1502 2516 ina

256 2566 380 2648 spirata
403 2573 435 2626 et
455 2565 528 2646 ipso
553 2565 699 2628 dictante
724 2566 765 2627 ad
790 2565 929 2628 salutem
954 2566 1155 2628 credentium
1182 2574 1233 2627 est
1249 2567 1342 2628 edita
1350 2587 1359 2644 ;
1385 2581 1481 2643 neque

256 2673 407 2753 cuiquam
431 2673 491 2734 nisi
515 2673 588 2755 ipso
612 2672 779 2735 reuelante
812 2673 975 2755 profunda
1005 2683 1040 2734 et
1073 2673 1208 2735 obtecta
1231 2682 1350 2756 patere
1375 2675 1479 2755 posset

256 2781 324 2843 eius
347 2778 570 2861 intelligentia.
603 2781 629 2842 si
653 2801 734 2862 ergo
759 2779 861 2843 homo
885 2780 1052 2842 hominem
1081 2780 1280 2843 familiariter
1304 2780 1475 2861 alloquens,
1558 2782 1561 2844 l

255 2891 362 2971 ipsum
379 2889 430 2950 cui
454 2887 596 2968 loquitur
620 2897 653 2950 et
677 2890 786 2951 animo
811 2897 844 2951 et
869 2889 938 2951 uisu
963 2889 1113 2963 attendit,
1137 2887 1228 2950 Deus
1250 2889 1332 2971 ipse,
1357 2887 1415 2970 qui
1429 2901 1474 2966 per
1559 2872 1561 2897 ¹

256 3018 334 3060 suae
359 2996 539 3059 maiestatis
556 2997 738 3078 potentiam
762 2996 883 3078 ubique
907 3017 1064 3078 praesens
1089 3005 1147 3070 est,
1171 3015 1254 3069 eum,
1278 2997 1330 3057 cui
1351 2995 1487 3076 scriptu-²⁵

255 3125 364 3166 rarum
395 3124 527 3166 suarum
560 3123 678 3165 arcana
710 3124 788 3186 prae
814 3105 931 3166 ceteris
955 3103 1147 3165 mortalibus
1170 3103 1327 3164 secretius
1353 3097 1469 3167 reuelat,

256 3213 355 3276 etiam
379 3210 566 3274 familiarius
590 3231 656 3274 non
680 3209 811 3274 uisitat?
842 3211 943 3273 immo
967 3211 1186 3283 credendum,
1215 3211 1292 3290 quia
1318 3211 1353 3272 in
1386 3203 1472 3272 corde
1559 3214 1560 3223 ’

256 3321 324 3384 eius
348 3327 518 3400 tamquam
542 3320 574 3381 in
598 3318 755 3381 cenaculo
785 3319 847 3382 sibi
870 3319 1058 3400 gratissimo
1082 3326 1254 3400 susceptus
1278 3318 1475 3380 mansionem
1559 3342 1561 3375 l

255 3427 369 3501 saciat,
401 3436 434 3490 et
465 3428 666 3509 incognitam
698 3425 767 3489 aliis
800 3425 1000 3508 paschalium
1033 3434 1312 3489 sacramentorum
1341 3417 1473 3488 iucundi·
1559 3446 1561 3543 p

255 3543 357 3598 tatem
382 3535 551 3598 diffundat.
1480 3549 1500 3586 ³⁰
1559 3550 1560 3553 ’

361 3641 427 3705 Sed
461 3641 502 3703 de
536 3640 586 3703 his
618 3639 785 3704 hactenus.
820 3662 924 3722 usque
957 3640 1020 3703 huc
1053 3642 1139 3703 enim
1174 3639 1307 3701 Domini
1342 3631 1473 3713 uestigia
1559 3654 1560 3657 ’

255 3750 501 3824 secuti'sumus,
534 3770 632 3830 quam
657 3749 744 3812 uarie
769 3749 906 3812 diuersis
929 3751 962 3811 in
985 3748 1067 3810 locis
1091 3755 1124 3810 et
1148 3768 1168 3810 a
1190 3747 1328 3809 diuersis
1350 3760 1471 3820 suscep·

254 3857 380 3920 toribus
404 3866 566 3939 exceptus
590 3857 639 3931 sit,
664 3865 762 3938 prout
786 3857 901 3919 uirium
926 3854 1124 3938 possibilitas
1149 3854 1369 3936 permittebat,
1392 3847 1470 3913 inda·

255 3985 333 4045 gare
358 3965 556 4040 curauimus;
582 3964 623 4026 ad
648 3972 834 4026 extremum
858 3984 937 4026 uero
953 3962 1062 4024 locum
1089 3962 1187 4024 istum
1205 3960 1305 4024 altum
1322 3970 1467 4040 magnum

255 4080 287 4133 et
311 4079 466 4146 stratum,
495 4071 550 4133 ubi
573 4070 737 4132 desiderio
761 4071 960 4132 desiderauit
983 4066 1110 4132 Pascha
1133 4069 1330 4131 manducare
1354 4059 1467 4148 expeti·
1476 4077 1495 4118 ⁵⁵
1550 4140 1552 4159 ³

250 4180 367 4242 ‘uimus
392 4180 451 4241 sed
475 4177 632 4259 numquid
656 4175 708 4238 hic
732 4198 807 4239 eum
831 4174 1032 4239 deserimus?
1056 4177 1214 4257 numquid
1237 4177 1366 4238 dicente
1387 4175 1465 4254 ipso:
1551 4230 1552 4233 ,

254 4287 388 4368 surgite,
411 4305 521 4348 eamus
544 4284 634 4356 lu'nc,
658 4305 719 4348 nos
743 4286 798 4365 qui
823 4306 925 4365 usque
949 4285 1050 4348 modo
1073 4284 1149 4348 laeti
1172 4285 1204 4348 in
1229 4285 1383 4348 comitatu
1405 4277 1465 4341 eius

362 4441 384 4493 7.
405 4430 424 4478 1.
446 4429 503 4480 Cor.
528 4441 566 4488 11,
588 4441 627 4490 24.
649 4455 683 4464 —
703 4437 744 4491 37.
766 4428 802 4475 lo.
826 4440 864 4490 14,
885 4438 927 4489 31.
