3167 5025
1279 227 1318 297 71

90 414 182 500 ginta
213 435 394 490 annorum,
424 438 507 500 quac
527 415 636 500 fuerit
663 414 760 482 untias
785 415 854 482 m‘n'
874 439 973 490 uxor,
1004 416 1038 479 in
1061 415 1204 499 open'bus
1234 415 1323 480 benzi

93 527 312 590 testamentum
335 526 462 597 habens,
485 526 518 588 si
529 524 624 607 filios
645 525 804 598 educauit,
827 525 859 587 si
879 524 1015 606 hospitti)
1037 524 1159 606 recepit,
1181 524 1214 585 si
1234 543 1322 586 sanc·

93 646 194 697 tanim
212 635 317 717 pedes
339 634 439 706 lauit,
468 635 500 696 si
520 634 755 697 tn'brclatzbncm
773 632 970 715 patientibus
992 631 1265 703 subministranti,
1293 631 1326 692 si

93 766 180 806 omne
204 755 288 826 opus
310 743 425 805 bonrum
447 742 611 804 subsecuta
633 751 686 804 est.

76 871 84 904 ⁵
197 849 297 914 Sicut
327 852 370 914 ab
401 851 555 934 apostolo
585 850 628 912 de
659 849 862 912 orationssius
892 849 1060 912 uiduarum
1084 847 1323 930 praescribitur,

94 960 134 1020 ita
164 967 201 1021 et
235 960 270 1022 in
300 960 403 1042 gestis
426 959 544 1020 beatae
567 957 747 1020 Felicitatis
771 965 1056 1020 commemoratur.
1088 956 1154 1030 sed¹
1171 955 1250 1038 quid
1272 954 1323 1016 his

95 1064 234 1147 amplius
259 1064 436 1130 immorer?
464 1086 538 1129 cum
561 1065 637 1130 hinc
660 1064 831 1129 manifeste
856 1064 985 1139 clareat,
1009 1063 1149 1146 qualiter
1171 1061 1324 1146 apostoli·

95 1195 164 1236 cae,
179 1174 252 1255 legi
284 1173 485 1251 oboedierit;
516 1174 593 1254 quia
624 1171 707 1237 filios
736 1192 803 1236 non
827 1173 999 1236 Romanae
1021 1171 1067 1234 rei
1091 1169 1241 1254 publicae
1265 1169 1324 1240 sed

96 1281 296 1343 candidatae
318 1289 502 1361 martyrum
525 1280 658 1344 militiae
682 1280 844 1356 educauit,
868 1287 900 1342 et
917 1300 1015 1342 omne
1031 1299 1116 1362 opus
1139 1279 1262 1342 bonum
1279 1277 1325 1340 sic

71 1389 277 1451 ¹“subsecuta
308 1397 374 1462 est,
405 1397 441 1451 ut
472 1389 514 1450 ad
543 1387 607 1450 hoc
630 1387 890 1450 confirmandum
914 1388 1073 1468 sanguine
1096 1385 1229 1472 propriu
1253 1382 1325 1446 sub·

98 1497 274 1579 scripserit.
307 1498 393 1560 unde
424 1499 508 1561 bene
538 1498 672 1570 dicitur,
703 1496 780 1578 quia
810 1495 945 1580 confidit
973 1496 1007 1558 in
1037 1516 1074 1558 ea
1102 1516 1160 1558 cor.
1178 1493 1246 1557 uiri
1265 1492 1325 1558 sui.

98 1613 236 1666 nouerat
268 1605 356 1668 enim
386 1606 475 1667 idem
506 1605 570 1678 uir,
603 1605 765 1667 Dominus
797 1624 835 1668 ac
866 1604 1057 1686 redemptor
1087 1611 1216 1677 noster,
1250 1601 1326 1683 quia

101 1711 295 1786 conubium,
326 1711 416 1793 quod
441 1732 553 1774 amore
576 1719 704 1796 tantum
731 1710 871 1775 filiorum
895 1718 1102 1794 susceperat,
1132 1706 1326 1772 honorabile

100 1819 128 1878 in
154 1820 317 1882 omnibus
351 1830 385 1882 et
415 1828 508 1882 torus
540 1820 608 1881 eius
645 1817 874 1883 immaculatus
906 1817 1026 1896 fuerat3
1070 1818 1196 1881 sciebat
1228 1815 1325 1898 plane

74 1927 185 2005 equod
218 1929 295 2011 ipse
325 1929 540 2010 inspirauerat
571 1935 721 1990 sanctum
752 1928 879 1990 animae
907 1925 990 1990 illius
1014 1926 1228 2000 desiderium,
1260 1945 1325 2007 quo

102 2034 217 2098 uinculi
251 2034 407 2098 maritalis
438 2033 679 2098 absolutionem
708 2033 896 2098 anhelando
928 2032 1147 2117 expectabat,
1185 2033 1326 2113 ideoque

105 2143 282 2205 certissime
298 2143 332 2204 in
347 2163 388 2204 ea
403 2140 599 2205 confidebat.
622 2162 666 2203 ex
690 2140 889 2204 confidentia
913 2142 1043 2224 quippe,
1066 2159 1166 2222 quam
1181 2139 1326 2203 habebat

108 2247 168 2327 ipso
191 2253 230 2312 in
253 2249 342 2323 uiro,
372 2248 494 2312 factum
518 2256 584 2322 est,
608 2256 643 2310 ut
667 2246 848 2310 confideret
872 2250 904 2312 in
928 2269 967 2312 ea
990 2268 1048 2312 cor
1071 2248 1130 2311 uiri
1154 2249 1211 2311 sui.
1234 2247 1327 2310 dedit

112 2358 325 2421 testimonium
358 2357 428 2418 uiro
461 2365 495 2418 et
528 2356 645 2433 meruit
685 2356 909 2418 testimonium
941 2377 962 2418 a
993 2357 1072 2419 uir0.
1117 2356 1208 2439 quod
1240 2356 1327 2418 enim

86 2465 325 2529 20testimonium
356 2463 408 2527 uel
439 2464 649 2547 praeconium
681 2462 823 2527 mulieris
854 2461 947 2529 huius
972 2485 991 2529 a
1018 2465 1088 2528 uiro
1120 2465 1223 2529 maius
1254 2485 1328 2527 csse

112 2575 223 2650 possit,
254 2593 354 2655 quam
385 2575 416 2635 in
447 2571 528 2645 hoc,
560 2573 649 2653 quod
676 2569 814 2634 confidit
837 2572 869 2633 in
893 2593 932 2634 ea
956 2592 1014 2635 cor
1036 2572 1140 2635 illius?
1171 2592 1327 2654 magnum

117 2690 173 2743 erat
201 2680 381 2744 Corinthiis
413 2681 652 2753 testimonium,
691 2681 781 2762 quod
815 2680 932 2743 Paulus
965 2679 1160 2764 perhibebat
1199 2681 1327 2743 dicens:

118 2789 232 2862 gumiae,
257 2788 334 2869 quia
358 2787 391 2849 in
415 2786 559 2849 omnibus
582 2785 707 2867 cortfido
729 2785 763 2849 in
779 2786 875 2859 rrobz's,
900 2808 974 2851 cum
991 2796 1102 2867 tamen
1119 2789 1211 2871 quasi
1226 2787 1327 2850 homo

122 2893 280 2976 aliquando
312 2894 377 2959 lalli
408 2896 560 2977 potuerit.
592 2902 716 2975 quanto
738 2894 847 2974 ,igitur
878 2895 997 2957 certior
1027 2895 1090 2959 Dei
1118 2894 1328 2968 confidentia,

90 3007 196 3065 ²⁵tant0
228 3001 353 3066 felicius
383 3003 502 3065 beatae
533 2999 712 3065 Felicitatis
742 3002 971 3082 praeconium,
1003 3002 1035 3065 in
1067 3021 1132 3084 qua
1165 3000 1329 3065 confidere

112 3109 295 3192 perhibetur
318 3129 376 3172 cor
399 3110 476 3171 eius.
500 3129 561 3171 nec
585 3109 701 3171 mirum
725 3106 789 3169 hoc
813 3108 855 3171 de
878 3128 934 3183 e0,
964 3108 1018 3189 qui
1035 3109 1266 3189 penetrabilior
1284 3118 1332 3171 est

110 3218 192 3279 ornati
215 3215 334 3298 gladz‘o
364 3216 515 3297 ancipiti,
547 3215 638 3277 cm'us
667 3214 767 3277 oculis
799 3215 886 3277 reuda
917 3225 947 3277 el
976 3226 1087 3297 aperta
1117 3226 1196 3279 siant¹
1214 3216 1330 3288 omnia,

110 3343 178 3387 cum
211 3331 344 3387 constet
375 3324 474 3387 etiam
505 3324 547 3386 ad
579 3322 721 3385 litteram
752 3324 795 3385 de
827 3322 948 3387 carnali
979 3324 1047 3385 eius
1075 3325 1210 3399 marito,
1241 3321 1331 3405 quod

109 3433 286 3495 maximam
309 3432 343 3492 in
359 3450 399 3492 ea
414 3428 648 3493 confidentiam
670 3428 793 3493 habere
817 3431 969 3511 potuerit,
994 3430 1215 3506 considerans,
1239 3432 1332 3493 iuxta

82 3541 197 3621 equod
218 3539 336 3601 beatus
360 3538 476 3601 Petrus
499 3538 553 3612 ait,
576 3538 609 3599 in
632 3538 750 3600 timore
773 3546 922 3601 sanctam
946 3538 1015 3599 eius
1039 3539 1332 3611 conuersationem,

108 3650 197 3710 cuius
220 3654 291 3709 erat
314 3665 381 3707 non
404 3644 609 3707 extrinsecus
633 3644 834 3726 capillatura,
858 3653 913 3707 aut
937 3646 1153 3709 circumdatio
1176 3647 1253 3721 auri,
1275 3652 1333 3707 aut

108 3738 289 3832 indumenti
313 3754 582 3816 uestimentorum
607 3752 726 3815 cultus:
751 3753 810 3815 sed
835 3754 889 3834 qui
913 3754 1128 3817 absconditus
1151 3754 1259 3817 cordis
1283 3760 1333 3814 est

109 3861 224 3937 hom0,
247 3862 280 3923 in
303 3860 608 3943 incorruptibilitate
632 3862 733 3942 quieti
757 3868 790 3922 et
815 3861 956 3925 modesti
980 3862 1126 3943 spiritus,
1149 3862 1205 3943 qui
1228 3868 1278 3923 est
1302 3861 1333 3921 in

111 3977 290 4051 conspectu
314 3968 377 4029 Dei
408 3966 563 4049 locuples.
595 3965 782 4030 confidebat
814 3988 895 4048 ergo
927 3975 965 4029 et.
990 3966 1085 4029 huius
1116 3969 1174 4045 uiri
1205 3988 1263 4031 cor
1292 3966 1334 4029 de

82 4100 103 4137 n
111 4076 281 4159 disciplina
304 4084 338 4138 et
360 4076 535 4157 prudentia
557 4075 759 4137 castissimae
783 4076 947 4155 coniugis,
977 4076 1066 4157 quod
1091 4075 1243 4139 uidelicet
1267 4084 1334 4139 tam

113 4184 239 4247 absenti
263 4203 362 4265 quam
385 4183 550 4264 praesenti
574 4180 672 4244 fidem
694 4181 857 4260 integram
873 4190 1028 4256 seruaret,
1052 4183 1186 4247 domum
1203 4191 1335 4251 strenue

216 4341 241 4387 4.
262 4326 282 4374 Ι.
303 4326 369 4373 Tim.
390 4336 413 4388 5,
431 4337 528 4387 13-10.
553 4352 588 4359 -
613 4336 655 4384 23.
676 4324 709 4371 ll.
729 4324 787 4371 Cor.
810 4334 832 4384 7,
856 4321 895 4373 16.
921 4348 955 4359 -
982 4335 1022 4385 27.
1044 4326 1124 4372 Hebr.
1145 4339 1169 4385 4,
1193 4336 1222 4371 12
1243 4340 1280 4393 sq.
1301 4350 1336 4360 -

116 4428 155 4476 34.
174 4417 247 4465 Confi
268 4416 288 4463 1.
309 4416 361 4462 Pet.
383 4426 406 4475 3,
427 4428 504 4475 2—4.
762 4420 767 4430 ’
