3167 5025
1244 263 1307 325 119

34 515 38 523 Ι
70 442 159 503 'culo
190 446 410 524 spontaneiim'
434 442 607 506 exhibebis
633 443 870 507 ministerium.''
886 445 1060 526 quod'etsi
1083 443 1221 526 his'qui
1243 443 1308 506 hoc

71 570 97 611 a
121 556 156 611 te
173 570 260 614 nunc
283 551 431 632 exigunt,
454 551 670 632 postmodum
692 552 869 616 districtius
893 551 1125 614 examinatum
1140 550 1307 635 displicue

70 658 130 731 rit,
154 655 353 749 illis-tamen,
376 657 493 739 quibus
516 658 725 741 iampridem
747 657 811 720 alia
834 659 1000 740 quaedam·
1014 659 1180 740 scripsisti,
1196 658 1306 742 supere
1404 665 1407 672 '

70 764 195 826 fluum
209 763 348 828 fortasse
370 784 439 827 non
461 765 632 828 uidebitur.
656 764 719 828 hac
741 766 840 847 igitur
861 766 994 848 'spiritus
1018 765 1082 828 inei
1097 767 1309 847 persuasione

49 874 238 935 sincitatus
267 873 474 954 propositum
505 873 640 954 arripui,
675 877 795 955 optans
827 881 862 934 ut
893 879 961 934 tarn
996 881 1125 934 uestrae
1159 871 1308 956 proficiat

78 979 305 1043 aedificationi
337 1000 436 1061 quam
468 999 581 1042 eorum
615 981 670 1062 qui
704 981 875 1044 materiam
910 980 1103 1064 praestitere
1137 979 1308 1043 scribendi}

75 1089 187 1149 immo
211 1092 244 1148 'et
268 1086 469 1169 amplius'ac
493 1086 664 1169 specialius
688 1107 749 1149 uos
772 1087 955 1150 accendere
983 1087 1110 1150 ,debent
1137 1087 1310 1168 magnifica

75 1203 221 1258 sanctae
257 1195 369 1256 matris
407 1193 502 1256 huius
535 1194 704 1276 exempla,
739 1195 772 1256 in
807 1195 924 1276 quibus
960 1194 1160 1257 excellenter
1195 1196 1310 1257 enituit

74 1323 188 1364 sexus
219 1303 320 1364 uestri
350 1300 463 1382 gloria.
490 1301 546 1364 'db
578 1302 782 1378 natiuitatem
815 1302 1051 1384 praecursoris¹
1068 1302 1109 1364 de
1140 1301 1309 1364 Elisabeth

41 1432 66 1456 10
75 1411 246 1491 scriptum
278 1418 345 1472 est:
379 1408 457 1490 quia
487 1409 715 1492 magm'ficauit
742 1409 903 1470 Domenus
933 1407 1187 1471 mzsen'cordz'am
1217 1405 1310 1472 sunm

75 1538 157 1579 cum
181 1516 259 1588 illa,
289 1527 321 1578 et
340 1515 649 1598 congratulabantur
668 1516 700 1577 ei
720 1516 816 1579 uicini
839 1526 873 1577 et
896 1516 973 1578 noti.
1005 1519 1081 1578 ue‘re
1107 1519 1204 1579 etiarn
1237 1537 1310 1579 cum

76 1627 185 1687 beata
215 1623 385 1687 Felicitate
421 1622 642 1704 magnificauit
676 1623 932 1685 misericordiam
968 1643 1077 1698 suam,
1112 1643 1310 1704 quamquam

78 1732 196 1806 aliter,
228 1739 264 1792 ut
294 1751 362 1793 non
393 1731 502 1792 dicam
532 1728 679 1812 amplius.
715 1730 800 1792 absit
828 1731 931 1804 enim,
965 1738 1000 1792 ut
1024 1731 1093 1792 sine
1117 1733 1311 1793 auctoritate

79 1823 264 1920 quicquam
277 1920 281 1927 ,
295 1835 440 1920 proferre
471 1836 619 1899 audeam.
651 1845 743 1918 patet
775 1845 885 1898 autem
916 1837 992 1917 quia
1018 1835 1204 1912 Elisabeth,
1226 1837 1311 1899 ¹licet

48 1978 71 2012 15
81 1967 170 2020 eum,
196 1919 264 2026 quo
287 1945 371 2005 inter
393 1953 496 2005 natos·
515 1943 684 2005 mulierum
708 1944 812 2005 maior
835 1963 933 2004 nemo
958 1945 1107 2019 surrexit,
1136 1965 1235 2006 unum
1267 1953 1311 2006 ta·

82 2073 162 2116 men
188 2051 399 2113 solummodo
423 2051 552 2131 genuit,
576 2071 650 2113 cum
674 2070 739 2131 quo
764 2052 958 2130 martyrium
981 2071 1048 2112 non
1072 2053 1230 2126 sustinuit,
1254 2052 1313 2113 Fe·

85 2162 193 2223 licitas
216 2179 297 2220 vero
328 2167 457 2240 septem
480 2157 598 2232 edidit,
629 2159 661 2219 in
685 2157 803 2238 quibus
827 2158 950 2238 septies
979 2177 1077 2239 passa
1100 2159 1142 2220 ad
1166 2161 1313 2240 martyrii

92 2286 248 2330 coronam
271 2267 420 2348 peruenit
443 2275 569 2328 octaua.
602 2264 822 2346 magnificauit
846 2286 927 2346 ergo
951 2265 1111 2328 Dominus
1129 2267 1312 2328 misericor·

94 2377 175 2438 diam
202 2394 296 2435 suam
319 2394 394 2436 cum
416 2372 470 2435 illa'
493 2382 526 2434 et
551 2371 797 2453 congratulatur
820 2372 1013 2435 beatitudini
1042 2375 1110 2435 eius
1135 2375 1240 2436 omnis
1264 2395 1313 2437 ec·

59 2483 204 2557 20clesia,
237 2470 384 2563 gaudens
407 2480 529 2544 habere
553 2502 589 2543 se
612 2481 645 2543 in
668 2501 707 2543 ea
737 2482 812 2563 piae
835 2481 1075 2544 intercessionis
1104 2481 1256 2544 solatium
1280 2491 1313 2544 et

90 2594 230 2654 inuictae
254 2589 451 2651 fortitudinis
475 2570 673 2671 exemplum.
705 2610 766 2651 nec
789 2588 897 2651 'solum
919 2589 1024 2650 uiduis
1047 2590 1106 2651 sed
1131 2594 1164 2651 et
1188 2590 1313 2670 uirgini-

94 2699 153 2760 bus
174 2707 302 2778 martyr
324 2698 389 2761 ista
410 2698 620 2779 proponitur,
651 2698 770 2778 partim
795 2697 952 2761 imitanda
969 2698 1103 2779 'partim
1134 2718 1213 2759 uero
1246 2707 1313 2760 tan*

97 2813 164 2866 tum
186 2805 394 2869 admiranda.¹
408 2806 492 2866 sicut
516 2806 602 2889 enim
624 2806 657 2865 in
681 2804 779 2865 beata
794 2810 828 2865 et
844 2802 988 2884 gloriosa
1004 2804 1127 2884 uirgine
1152 2805 1312 2885 uirginum

96 2912 194 2975 Maria
217 2909 409 2992 uirginalem
433 2912 630 2973 admiramur
653 2920 793 2992 partum,
817 2912 863 2972 'sic
886 2911 918 2972 in
942 2911 1040 2973 beata
1057 2910 1225 2973 Felicitate
1248 2910 1313 2993 ple·

61 3042 168 3083 unum
199 3017 436 3101 septemplicis
453 3026 566 3099 partus
597 3016 798 3079 sacrificium.
831 3025 863 3078 et
887 3016 931 3079 illi
956 3018 1089 3097 quidem
1112 3019 1144 3079 in
1167 3020 1313 3100 omnipo·

87 3128 194 3189 tentia
217 3125 272 3187 filii
296 3146 335 3186 ea
359 3133 435 3185 sunt
456 3122 634 3205 possibilia,
658 3144 742 3204 quae
766 3123 898 3203 reliquis
922 3122 1048 3185 filiabus
1065 3124 1155 3186 Euae
1180 3128 1313 3188 omnino

85 3244 166 3297 sunt
197 3230 427 3314 impossibilia,
458 3232 599 3311 ideoque
630 3230 801 3311 singularis
826 3240 858 3292 et
882 3231 1144 3313 incomparabilis
1172 3235 1239 3295 eius
1263 3244 1313 3295 est

84 3342 282 3405 reuerentia.
314 3348 459 3401 ceterum
491 3338 578 3401 nulla
609 3339 764 3420 deinceps
796 3340 889 3419 uirgo
921 3339 1097 3420 adaequari
1127 3342 1235 3422 potuit
1261 3340 1313 3403 uel

84 3449 214 3533 poterit
238 3446 287 3509 his
311 3467 395 3528 quae
419 3446 571 3507 Felicitas
594 3444 727 3527 pertulit
751 3445 804 3513 uel
828 3442 961 3507 obtulit:
989 3446 1082 3525 uirgo
1107 3447 1163 3521 sit,
1188 3457 1314 3528 martyr

54 3559 148 3632 sosit,
180 3554 319 3616 filiorum
343 3553 488 3634 gladium
512 3560 660 3614 materna
684 3553 810 3614 uiscera
837 3561 1064 3633 penetrantem
1088 3556 1207 3630 nescit,
1239 3558 1315 3636 quia

84 3671 198 3727 mater
220 3653 288 3722 non
310 3659 385 3734 fuit,
416 3660 558 3739 ideoque
581 3658 808 3721 admirandam
832 3658 1040 3721 solummodo
1065 3660 1097 3721 in
1126 3660 1189 3723 hac
1219 3672 1313 3744 parte

84 3769 271 3851 uirginibus
295 3768 426 3830 beatam
450 3768 520 3829 dixi
544 3766 755 3834 Felicitatem.
788 3766 986 3848 stupendum
1014 3768 1129 3829 beatus
1154 3769 1314 3850 Hierony'·

85 3898 165 3943 mus
182 3875 337 3938 describit
354 3874 552 3949 miraculum,
576 3874 666 3955 quod
683 3874 798 3936 mulier
813 3875 977 3954 quaedam
1000 3874 1082 3936 falso
1106 3874 1260 3943 infamata
1281 3888 1314 3939 et

86 3985 273 4050 tortoribus
297 3983 418 4045 tradita
441 3992 517 4066 post
548 3984 658 4062 ignem
682 3991 715 4044 et
739 3983 876 4062 ungulas
900 3983 1034 4044 tandem
1058 3984 1168 4064 gladio
1192 3986 1314 4066 septies

53 4117 77 4154 ss
87 4111 252 4178 percussa
282 4090 390 4184 luerit,
421 4090 480 4153 sed
503 4111 564 4153 nec
588 4090 630 4151 ad
651 4072 893 4151 ¹confessionem
921 4089 1042 4152 obiecti
1065 4092 1205 4153 criminis
1228 4112 1314 4153 com·

88 4201 170 4285 pelli
200 4220 262 4260 nec
293 4198 454 4261 ullatenus
482 4198 590 4260 occidi
611 4198 762 4279 potuerit.
795 4217 871 4259 ecce
896 4205 929 4259 et
952 4198 1050 4260 beata
1073 4199 1314 4280 propugnatrix

89 4317 210 4372 nostra
232 4306 361 4369 ueritati
384 4303 558 4387 perhibens
591 4305 829 4381 testimonium,
862 4306 984 4366 maiore
1008 4305 1134 4366 uirtutis
1158 4304 1314 4367 miraculo

198 4448 243 4497 rr.
264 4450 325 4497 Luc.
349 4462 369 4508 1,
391 4448 431 4511 58.
451 4475 487 4482 -
509 4459 547 4511 15.
569 4448 659 4496 Matth.
683 4458 722 4508 ιι,
746 4459 784 4494 11.
