3167 5025
1237 262 1242 272 .
1280 263 1346 348 «125

103 466 250 529 alienos
274 466 454 530 transferre.
482 468 531 530 his
556 468 673 531 auditis
697 467 804 548 Hylas
827 469 975 530 acerrimi
996 468 1120 531 doloris
1143 466 1350 530 uehementia

103 584 236 636 motus
265 583 331 648 est,
362 575 492 656 iamque
524 575 703 656 desperans
734 593 808 636 eum
836 596 857 636 a
879 577 1051 658 proposito
1081 574 1211 638 deflecti
1242 595 1350 657 posse,

102 702 224 763 quem
249 682 374 746 uideret
397 701 458 744 nec
481 683 543 764 ipsi
561 683 707 764 praesidi
731 684 877 757 cessisse,
901 692 1068 765 tamquam
1092 683 1240 746 orbitatis
1262 682 1350 745 luctu

102 789 246 852 eiulare
277 790 388 872 coepit
411 809 450 852 ac
473 791 599 852 dicere:
629 790 671 852 ad
695 791 884 852 immaturas
912 789 966 852 filii
996 792 1162 872 pereuntis
1193 792 1350 872 exequias

80 897 385 979 spropinquorum
402 905 434 958 et
452 897 631 958 anticorum
656 917 847 960 communes
870 899 972 978 exigo
987 897 1144 972 lacrimas,
1169 899 1244 978 quia
1259 907 1351 959 tanta

102 1016 164 1068 est
203 1005 283 1066 mali
314 1005 507 1085 magnitudo
538 1014 631 1067 tanta
662 1007 818 1069 maeroris
842 1006 1043 1079 amaritud0‚
1073 1006 1116 1066 ad
1140 1024 1238 1087 quam
1262 1004 1351 1065 solus

103 1133 185 1175 non
216 1111 350 1175 sufficio.
374 1133 434 1174 uos
458 1131 583 1194 quaeso
603 1112 749 1196 plangite
766 1134 903 1189 mecum,
927 1115 982 1196 qui
998 1122 1153 1196 paternae
1170 1112 1351 1174 dulcedinis

104 1220 308 1284 naturalem
342 1221 467 1284 sentitis
502 1221 671 1297 affectum,
710 1223 765 1304 qui
800 1222 977 1285 desiderati
1010 1232 1044 1284 et
1078 1221 1188 1283 dilecti
1222 1219 1363 1282 heredis*

106 1328 298 1410 lugubrem
330 1329 506 1411 aliquando
537 1329 713 1411 pertulistis
744 1331 917 1393 interitum,
952 1329 1034 1392 haec
1065 1339 1099 1391 et
1128 1329 1352 1392 huiuscemodi

71 1456 96 1481 10
106 1437 270 1498 lamenta
301 1457 404 1518 puero
435 1457 496 1518 pro
526 1436 747 1500 deliramentis
771 1448 962 1519 respuente,
993 1447 1027 1499 et
1050 1437 1162 1499 salutis
1185 1457 1263 1499 suae
1287 1457 1352 1498 cer·

108 1545 299 1607 titudinem
329 1543 361 1605 in
392 1543 555 1606 saluatore
586 1545 732 1606 omnium
759 1546 901 1626 positam
926 1544 1117 1607 fiducialiter
1140 1554 1352 1625 protestante,

109 1673 260 1734 praeses
291 1652 375 1713 inter
393 1660 533 1733 patrem
564 1662 598 1714 et
628 1651 728 1714 filium
752 1653 894 1726 medius,
925 1652 969 1714 illi
992 1653 1125 1734 quidem
1148 1652 1352 1734 compatiens

111 1762 169 1823 isti
209 1769 320 1821 autem
351 1760 494 1822 irascens
525 1761 585 1822 ait:
624 1760 684 1822 nisi
715 1761 844 1840 generis
875 1761 922 1821 tui
954 1759 1123 1822 nobilitate
1155 1769 1188 1821 et
1219 1759 1352 1841 speciali

112 1868 228 1950 patris
245 1865 460 1930 familiaritate
477 1868 640 1941 retinerer,
664 1869 729 1930 iam
744 1888 831 1929 nunc
847 1868 985 1929 deorum
1001 1877 1188 1929 nostrorum
1205 1868 1352 1929 iniuriam

81 2002 104 2037 ιε
115 1976 212 2037 iusta
235 1975 267 2034 in
291 1982 324 2035 te
348 1975 492 2036 uindicta
516 1973 694 2036 ulciscerer.
726 1975 777 2036 cui
801 1975 917 2036 beatus
940 1975 1053 2036 Vitus:
1076 1975 1120 2036 nil
1143 1976 1217 2048 iam,
1240 1975 1352 2054 inquit,
1429 2021 1434 2028 .

115 2082 261 2146 ulterius
293 2083 377 2164 patri
401 2082 545 2156 deleraS,
576 2081 681 2144 nullas
704 2081 883 2144 nobilitatis
912 2092 1044 2144 nostrae
1068 2091 1220 2163 respectu
1244 2100 1352 2143 moras

118 2190 316 2272 expendas;
340 2209 416 2251 nam
440 2190 527 2251 idem
551 2190 621 2271 ipse
645 2198 695 2251 est
718 2188 817 2252 hodie
841 2199 875 2252 et
897 2210 969 2251 cras
988 2208 1086 2271 quem
1110 2189 1310 2262 confitemur,
1334 2209 1354 2250 a

121 2300 218 2360 cuius
251 2295 455 2360 confessione
479 2295 530 2358 uel
554 2297 709 2360 seruitute
733 2296 822 2358 nullo
851 2298 1010 2378 temporis
1032 2296 1204 2360 interuallo
1228 2317 1353 2379 permu·
1435 2361 1437 2365 ,

122 2399 244 2467 tamu'r.
268 2403 332 2465 hoc
348 2404 457 2487 itaque
474 2424 634 2486 responso
658 2424 791 2486 praeses
816 2405 922 2484 magis
938 2424 1095 2466 accensus
1118 2425 1252 2486 poenas,
1272 2423 1353 2484 quas

93 2537 115 2563 20
123 2514 258 2575 differre
289 2523 515 2594 proposuerat,
547 2513 720 2576 accelerari
743 2514 892 2595 protinus
915 2514 1062 2595 imperat.
1094 2533 1194 2595 porro
1219 2514 1354 2574 ministri

125 2619 323 2683 tirunculum
345 2618 464 2681 Christi
486 2621 519 2681 in
543 2630 675 2682 catomo
699 2620 847 2683 leuantes
870 2629 904 2682 et
920 2630 955 2681 ut
971 2621 1048 2681 iussi
1073 2619 1201 2682 fuerant
1216 2620 1354 2682 caedere

131 2728 318 2791 testinantes
343 2726 491 2789 arefactis
515 2726 670 2789 deficiunt
693 2726 842 2802 brachiis
865 2728 1047 2808 eademque
1073 2728 1222 2789 ariditate
1239 2748 1354 2789 manus

131 2835 275 2917 elanguit
298 2834 464 2915 praesidis
497 2834 551 2914 qui
575 2855 636 2916 pro
660 2835 832 2897 subitaneo
856 2843 889 2896 et
913 2835 1080 2916 inprouiso
1111 2834 1230 2916 plagae
1260 2834 1354 2897 huius

125 2941 274 3023 periculo
312 2950 445 3022 stupore
476 2940 570 3001 simul
602 2941 771 3022 perculsus
802 2950 836 3003 et
866 2942 998 3017 dolore,
1030 2941 1182 3005 clamosis
1217 2943 1354 3004 uocibus

93 3071 114 3107 τε
124 3069 262 3111 manum
293 3068 329 3109 se
359 3057 497 3111 testatur
528 3048 716 3129 perdidisse.
753 3058 786 3110 et
817 3070 891 3111 cum
923 3070 1071 3111 maerore
1103 3069 1280 3111 conuersus
1312 3050 1353 3111 ad

123 3166 258 3239 patrem
289 3156 396 3237 pueri:
435 3174 549 3236 quem,
588 3156 706 3237 inquit,
746 3156 923 3237 deceptum
957 3158 1206 3219 aestimaucram
1245 3177 1354 3219 errore

124 3263 259 3347 puerili,
295 3262 362 3324 eius
398 3263 543 3342 magicas
579 3272 665 3325 artes
701 3265 794 3344 graui
829 3264 1057 3345 experimento
1087 3264 1182 3326 huius
1211 3265 1354 3327 iacturae

124 3371 280 3454 cognoui.

234 3476 295 3539 Illo
318 3486 428 3539 autem
451 3498 530 3558 prae
553 3478 652 3539 nimia
675 3479 924 3541 obmutescente
948 3480 1079 3542 tristitia
1101 3479 1218 3542 beatus
1243 3482 1354 3545 Vitus:

90 3618 115 3653 30
125 3606 352 3668 nequaquam,
386 3585 445 3659 ait,
470 3592 506 3645 ut
530 3584 623 3646 uobis
648 3585 776 3647 uidetur
800 3605 932 3667 magus,
956 3587 1016 3649 sed
1040 3596 1109 3649 tam
1132 3609 1232 3671 opere
1256 3608 1354 3670 quam

125 3694 194 3757 fide
229 3693 404 3755 adiuuante
436 3690 567 3753 Christo
603 3712 676 3753 sum
709 3692 927 3771 Christianus3
961 3692 1040 3756 nihil
1075 3697 1162 3758 enim
1196 3696 1355 3759 malarum

127 3801 246 3863 artium
269 3799 392 3861 bonum
417 3819 477 3861 nos
502 3799 653 3861 docuisse
677 3810 809 3863 constat
832 3802 1034 3881 magistrum,
1058 3804 1117 3864 sed
1135 3804 1288 3885 quicquid
1305 3814 1355 3867 cst

127 3908 260 3991 pietatis
291 3907 443 3987 quicquid
475 3905 674 3982 honestatiS,
705 3906 769 3969 hoc
797 3908 863 3969 suis
886 3908 939 3969 ille
962 3906 1101 3971 fideliter
1123 3912 1356 3973 commendare

128 4014 215 4077 solet
239 4012 410 4096 discipulis
434 4014 467 4075 in
483 4012 547 4075 hoc
570 4024 680 4075 autem
704 4015 841 4077 deorum
864 4024 1003 4091 tuorum,
1027 4018 1058 4077 in
1075 4018 1192 4099 quibus
1209 4017 1355 4093 confidis,

94 4152 119 4188 ss
130 4123 283 4183 uirtutem
314 4122 456 4203 experiri
487 4122 609 4203 poteris
641 4131 739 4204 atque
767 4123 965 4204 potentiam,
997 4125 1024 4185 si
1047 4125 1089 4186 ad
1113 4126 1355 4187 inuocationem

130 4248 245 4291 eorum
268 4247 400 4289 manum
423 4229 585 4309 receperis
609 4248 731 4290 sanam.
765 4229 808 4291 ad
832 4249 931 4311 quem
953 4213 1105 4312 praeses:
1128 4252 1148 4293 a
1170 4240 1219 4306 te,
1243 4232 1355 4314 inquit,

131 4336 240 4418 potius
264 4344 387 4416 expeto
411 4334 582 4410 medelam,
613 4336 668 4418 qui
691 4334 775 4398 hanc
800 4336 945 4399 intulisse
969 4336 1046 4399 mihi
1070 4338 1188 4399 uideris
1212 4338 1354 4420 plagam.

131 4445 201 4525 ipse
225 4443 322 4523 igitur
345 4444 498 4505 inuocato
523 4442 641 4507 Christi
665 4445 796 4506 nomine
830 4464 961 4508 manum
985 4446 1053 4507 eius
1077 4454 1193 4526 optata
1217 4446 1355 4509 redinte-
