3167 5025
231 216 273 266 .1o

229 405 413 471 erueretur;
451 395 535 458 illius
565 416 678 459 semen
713 418 773 478 per
799 396 894 476 Jsaac
930 395 1213 477 multiplicandum
1251 395 1466 477 promittitur,

230 504 324 565 huius
348 502 449 585 prolis
473 493 621 584 legitima
643 505 809 565 successio
833 504 943 565 diuina
967 504 1252 567 animaduersione
1274 504 1465 575 succiditur,

231 612 309 673 dum
333 612 445 692 generi
468 612 577 693 ipsius
602 612 657 692 qui
681 612 848 693 accepturi
871 620 965 673 erant
988 610 1069 673 filias
1086 613 1164 685 eius,
1187 612 1309 692 pariter
1332 612 1364 672 in
1388 610 1465 673 suh

231 720 380 781 uersione
406 719 545 792 ciuitatis
569 718 786 781 inuoluuntur.
812 719 897 780 inter
912 718 1091 781 Dominum
1113 728 1146 779 et
1163 717 1336 781 Abraham
1359 717 1466 798 longa

230 826 410 907 disputatio
434 824 520 887 facta
544 834 611 899 est,
643 833 860 906 percontante
884 824 956 899 illo,
990 834 1097 887 utrum
1122 835 1272 907 parceret
1294 823 1463 899 Sodomis,
1503 849 1517 884 s

228 934 258 993 si
282 942 333 995 tot
357 932 408 995 uel
432 941 484 994 tot
507 934 619 1024 iustos¹
635 932 678 995 ibi
701 933 895 994 inuenisset:
921 933 963 995 ad
980 932 1068 994 Loth
1094 942 1203 995 autem
1228 932 1368 1013 abrupta
1391 952 1465 995 sen·

230 1041 333 1101 tentia
357 1041 480 1102 dictum
505 1048 569 1113 est,
590 1039 765 1101 delebimus
788 1038 891 1101 locum
914 1039 1020 1111 istum,
1043 1039 1187 1120 eoquod
1206 1040 1376 1101 increuen‘t
1396 1039 1464 1101 cla-

230 1168 429 1209 marcorum
454 1168 563 1209 coram
587 1147 742 1219 Domine,
775 1148 834 1227 qui
854 1147 944 1209 mzsso't
964 1168 1021 1209 nos
1044 1158 1080 1208 ut
1095 1147 1274 1228 perdamus
1296 1148 1376 1209 illos.
1408 1148 1466 1209 de

231 1255 329 1334 nique
361 1256 594 1327 diuersitatem,
626 1274 711 1335 quae
742 1256 827 1316 inter
849 1253 912 1316 hos
935 1254 1138 1336 patriarchas
1160 1264 1241 1330 erat,
1264 1275 1331 1318 non
1354 1255 1464 1317 solum

231 1363 374 1425 uisitatio
399 1372 432 1425 et
456 1362 612 1425 reuelatio
638 1363 679 1423 ad
704 1382 762 1431 eos
795 1360 883 1423 lacta
913 1362 971 1423 sed
996 1371 1029 1423 et
1052 1344 1220 1443 susceptio
1245 1383 1385 1445 percos
1409 1383 1512 1424 ari-1⁰

230 1469 313 1549 gelis
337 1468 485 1531 exhibita
509 1470 639 1531 indicat.
664 1466 837 1529 Abraham
861 1489 1009 1542 currens,
1042 1468 1124 1531 Sara
1147 1469 1349 1544 accelerans,
1378 1492 1467 1551 puer

231 1576 388 1639 festinans
419 1576 546 1657 aliaque
578 1576 765 1637 huiusmodi
797 1595 938 1655 magnae
969 1576 1156 1638 deuotionis
1196 1576 1315 1639 indicia
1348 1578 1393 1639 ibi
1424 1580 1466 1639 si·

232 1694 372 1766 gnanter
392 1685 628 1766 exprimuntur,
653 1704 737 1764 quae
754 1685 797 1745 de
813 1681 903 1744 Loth
920 1683 1051 1745 minime
1068 1693 1376 1747 commemorantur.
1400 1706 1466 1750 nec

232 1794 365 1866 mirum,
397 1792 423 1853 si
447 1792 635 1872 expeditior
659 1790 701 1851 ad
726 1810 857 1852 cursum
880 1789 1053 1852 Abraham
1077 1810 1149 1853 esse
1172 1800 1320 1871 poterat„
1351 1794 1408 1873 qui
1430 1794 1466 1855 in

231 1900 453 1973 tabernaculo,
478 1899 568 1979 quod
585 1898 763 1980 expeditae
787 1897 920 1960 militiae
944 1899 1074 1979 signum
1090 1907 1149 1973 est,
1165 1897 1314 1960 habitare
1329 1920 1497 1962 consue-1⁵

232 2017 339 2071 uerat:
364 2006 454 2069 Loth
479 2027 557 2068 uero
582 2007 723 2067 ciuitatis
746 2004 830 2067 illius
850 2005 957 2067 incola
973 2004 1087 2079 factus
1111 2026 1210 2086 quam
1227 2026 1287 2068 sua
1301 2008 1466 2087 grauabat

231 2116 384 2196 iniquitas
408 2124 441 2176 et
464 2114 529 2175 iam
553 2114 682 2193 iamque
707 2114 738 2173 in
762 2111 961 2193 profundum
982 2112 1094 2192 abyssi
1111 2123 1323 2194 peccatorum
1339 2116 1467 2177 demer-

231 2223 333 2305 gebat
365 2222 559 2295 enormitas,
591 2222 623 2281 in
654 2220 709 2281 illa
739 2219 898 2302 spirituali
925 2218 1094 2282 alacritate
1118 2240 1185 2284 non
1209 2220 1295 2283 adeo
1319 2222 1466 2303 uigebat.

231 2351 310 2393 sane
334 2349 420 2391 uxor
444 2330 512 2391 eius
535 2330 568 2390 in
591 2335 734 2389 statuam
759 2327 836 2389 salis
863 2326 961 2409 paulo
986 2337 1062 2408 post
1086 2330 1312 2391 conuertenda
1335 2328 1464 2393 futurae

231 2437 469 2501 immobilitatis
501 2446 600 2516 atque
623 2437 761 2498 duritiae
785 2436 963 2516 imaginem
990 2436 1054 2496 iam
1078 2434 1225 2497 fortassis
1248 2436 1366 2499 imitari
1388 2458 1505 2498 coe-20

232 2556 343 2630 perat,
374 2554 410 2608 ut
441 2544 593 2609 uidelicet
624 2545 745 2606 aboni
777 2544 886 2626 operis
917 2544 1107 2605 ministerio·
1128 2545 1273 2608 desidiae
1304 2545 1459 2624 languore

232 2661 447 2738 torpesceret.

337 2762 576 2824 Verumtamen
607 2780 763 2841 magnum
795 2768 846 2821 est
877 2759 910 2820 in
939 2757 1003 2821 hoc
1027 2757 1233 2840 patriarchae
1256 2761 1349 2823 istius
1372 2779 1465 2841 prae·

232 2869 371 2944 conium,
396 2869 485 2949 quod
510 2869 593 2929 inter
616 2867 735 2948 impios
758 2869 911 2928 inuentus
935 2875 986 2928 est
1009 2868 1122 2941 iustus,
1149 2868 1233 2930 inter
1256 2868 1467 2930 damnandos

232 2975 416 3038 saluandus.
448 2976 531 3037 sicut
563 2975 648 3036 enim
681 2974 813 3036 maioris
844 2983 895 3036 est
926 2975 1105 3054 iniquitatis
1135 2975 1221 3037 inter
1250 2976 1359 3039 bonos
1390 2996 1466 3038 esse
1479 3000 1504 3035 2⁵

231 3083 362 3159 malum,
386 3104 447 3146 nec
471 3083 589 3144 imitari
613 3081 696 3143 uelle
721 3083 854 3163 pietatis
877 3081 1078 3163 exemplum,
1108 3083 1154 3144 sic
1187 3103 1327 3164 magnae
1362 3082 1468 3164 perfe-

232 3191 350 3254 ctionis
373 3199 423 3252 est
447 3191 531 3252 inter
550 3188 655 3251 malos
672 3191 859 3252 conseruari
883 3189 1015 3278 bonum,
1032 3208 1093 3251 nec
1109 3199 1221 3251 tamen
1244 3189 1286 3252 ad
1307 3191 1469 3271 peruersi-

232 3300 309 3360 tatis
340 3297 424 3359 trahi
455 3316 661 3359 consensum.
694 3296 854 3378 arguebat
879 3316 960 3377 ergo
985 3297 1091 3377 magis
1114 3296 1242 3377 illorum
1266 3297 1468 3378 prauitatem

232 3416 266 3468 et
297 3404 513 3478 diiudicabat,
545 3405 636 3484 quod
661 3413 694 3465 et
718 3405 780 3486 ipsi
805 3395 963 3466 adue'rsus
986 3424 1061 3465 eum
1085 3405 1252 3484 iurgantes
1284 3407 1467 3466 contestari

232 3511 428 3576 uidebantur
459 3531 534 3572 cum
566 3511 728 3574 dicerent:
760 3512 922 3592 engressus
951 3533 985 3572 es
1015 3522 1052 3572 ut
1072 3510 1216 3584 aduena,
1249 3511 1410 3592 numquid
1431 3523 1504 3574 ut30

232 3619 376 3684 iudices?
406 3617 495 3679 dicat
519 3638 665 3682 summus
689 3618 741 3680 ille
765 3618 993 3700 apostolorum
1017 3619 1178 3700 princeps,
1205 3619 1294 3682 dicat
1318 3620 1397 3699 quid
1421 3621 1467 3686 dc

232 3726 297 3788 hoc
328 3724 515 3806 patriarcha
546 3728 682 3800 sentiat,
714 3747 813 3807 quam
844 3726 886 3788 de
910 3727 979 3788 eius
1002 3726 1176 3788 sanctitate
1200 3727 1466 3788 aestimationem

232 3834 370 3898 habeat:
401 3846 432 3897 et
453 3835 581 3906 iustum,
612 3836 724 3915 inquit,
748 3833 830 3895 Loth
854 3846 1035 3914 oppressum
1058 3855 1079 3894 a
1104 3832 1317 3912 nefandorum
1340 3834 1465 3896 intesta

233 3964 272 4004 ac
295 3942 467 4005 luxuriosa
491 3942 727 4006 conuersatione
750 3941 884 4022 eripuit:
910 3950 1037 4020 aspectu
1060 3940 1145 4000 enim
1167 3950 1199 4000 et
1219 3940 1336 4002 audz'tu
1359 3941 1466 4004 zitstus

232 4061 309 4123 erat,
333 4049 486 4116 habitans
509 4048 601 4130 apud
620 4071 678 4121 eos,
708 4049 828 4130 quide
849 4048 902 4109 dii>
924 4047 958 4108 in
981 4047 1067 4108 diem
1089 4047 1237 4109 animam
1260 4048 1380 4109 iustam
1405 4048 1503 4110 ὐπ’-35

233 4157 305 4238 quis
335 4156 479 4237 operibus
509 4156 703 4218 cmcz'abant.
735 4163 767 4217 et
792 4175 892 4236 quam
922 4162 1020 4227 recte,
1044 4173 1118 4216 cum
1138 4154 1245 4215 iustus
1268 4164 1406 4235 aspectu
1431 4166 1465 4218 et

341 4311 365 4364 5¹.
391 4300 465 4349 Conl.
492 4299 556 4351 Gen.
587 4298 625 4347 18.
649 4325 687 4334 -
712 4296 735 4347 8.
763 4298 828 4346 Gen.
859 4309 897 4361 19,
927 4307 966 4356 13.
991 4325 1026 4331 —
1055 4309 1093 4360 19.
1121 4295 1195 4344 Conf.
1217 4297 1282 4345 Gen.
1306 4309 1344 4360 19,
1366 4294 1408 4346 26.
1429 4325 1466 4334 -

234 4403 276 4456 31.
297 4391 361 4440 Gen.
386 4403 424 4456 19,
444 4407 469 4455 9.
489 4418 524 4425 —
544 4385 584 4451 36.
605 4389 639 4436 ΙΙ.
660 4389 726 4436 Petr.
747 4399 771 4446 2,
793 4398 807 4446 7
828 4394 853 4434 et
873 4385 897 4434 8.
