3167 5025
1261 289 1299 355 35

68 494 125 535 uos
148 474 281 536 inserui
307 474 496 557 colloquiis?
521 476 575 556 qui
600 495 672 537 cum
698 482 774 537 ante
790 493 895 535 annos
911 472 1036 555 aliquot
1052 474 1193 535 uicInum
1208 473 1305 537 nobis

66 583 151 643 beati
170 582 335 662 Dionysii
353 584 586 645 monasterium
606 590 738 643 strenue
755 582 963 662 gubernaret,
984 582 1169 643 inuidorum
1186 581 1305 645 machi·

66 689 260 751 nationibus
288 689 363 752 loco
386 711 446 752 suo
470 688 634 772 depulsus,
658 690 758 751 eremi
782 688 888 751 cultor
910 688 1090 763 Iactusest,
1114 689 1227 753 dicens
1242 690 1304 753 sibi

68 818 136 857 cum
160 797 362 879 psalmista:
386 798 458 880 quis
481 798 572 860 dabit
594 797 678 860 milri
692 808 821 880 penitas
842 797 927 860 sicut
948 797 1116 868 columbae,
1139 807 1170 859 et
1190 797 1304 861 uolabo

53 915 98 965 set
117 905 349 986 requiescam?
378 927 444 968 ecce
466 906 618 988 clongauz'
630 906 774 988 fragrans,
797 916 830 967 et
849 905 960 968 mansi
980 906 1014 967 in
1036 904 1215 967 solitudine.
1239 904 1303 969 illic

77 1032 143 1091 ergo
158 1021 359 1095 expectans
376 1034 459 1088 eum,
475 1036 534 1096 per
550 1034 648 1095 quem
664 1013 847 1076 saluaretur
861 1034 882 1075 a
892 1012 1157 1095 pusillanimitate
1171 1014 1303 1095 spiritus

76 1130 102 1181 et
121 1129 342 1204 tempestate,
367 1123 492 1184 ieiunus
515 1121 632 1203 uigiliis
655 1130 690 1184 et
707 1122 912 1185 orationibus
927 1130 1033 1184 semet
1048 1122 1156 1204 ipsum
1172 1121 1303 1185 liberius

74 1230 270 1306 exercebat,
296 1231 407 1311 sicque
431 1229 574 1292 hostiam
598 1230 707 1293 uiuam
731 1230 806 1293 Deo
828 1232 862 1291 ln
886 1250 942 1293 ara
966 1231 1075 1293 cordis
1101 1229 1302 1293 immolabat.
1345 1220 1348 1225 ¹

73 1338 204 1418 proinde
240 1346 283 1399 ut
314 1346 406 1399 tanta
436 1339 600 1400 seruitutis
630 1338 698 1400 eius
729 1338 865 1401 deuotio
892 1346 988 1418 grata
1011 1338 1085 1400 Deo
1109 1338 1300 1402 manifestae

44 1446 268 1507 1⁰uisitationis
287 1445 482 1527 probaretur
497 1446 626 1520 indici0,
643 1454 740 1507 nocte
757 1446 910 1527 quadam,
926 1466 1001 1507 cum
1017 1445 1121 1507 solitis
1134 1446 1303 1511 incubaret

72 1553 219 1632 precibus
246 1553 391 1616 lacrimis
415 1562 514 1635 atque
534 1553 719 1634 gemitibus
743 1552 822 1615 illud
838 1552 978 1615 fortasse
993 1552 1156 1617 Simeonis
1173 1555 1302 1618 dicens:

74 1662 200 1739 quando
227 1662 359 1736 ueniet,
390 1662 524 1742 quando
548 1660 684 1735 uideb0,
708 1668 806 1743 putas
829 1659 977 1723 durabo?
1000 1682 1078 1723 ecce
1100 1661 1211 1724 subito
1234 1663 1303 1725 eius

74 1771 208 1831 occurrit
243 1770 432 1843 desideriis,
467 1770 521 1850 qui
554 1769 632 1831 olim
663 1770 889 1851 expectationi
919 1768 1122 1831 satisfecerat
1153 1771 1301 1833 eiusdem

75 1876 141 1937 iusti
162 1878 264 1939 senis.
291 1874 393 1938 oculis
416 1877 538 1957 quippe
562 1896 601 1939 ac
625 1876 774 1938 manibus
799 1876 891 1939 caelo
914 1876 1024 1939 stabat
1048 1878 1200 1952 intentus,
1225 1898 1299 1939 cum

48 1994 202 2065 =srepente
228 1985 397 2047 Dominus
421 1992 534 2045 noster
551 1984 647 2065 Jesus
671 1982 828 2060 Christus,
851 1985 936 2047 sicut
960 2006 979 2046 a
1002 1984 1158 2049 Simeone
1182 1983 1301 2066 legitur

80 2101 252 2174 susceptus,
279 2089 426 2154 felicibus
450 2092 518 2153 eius
542 2091 624 2155 ulnis
649 2091 768 2153 dicitur
791 2091 934 2173 illapsus
958 2112 1056 2173 quem
1080 2112 1154 2155 cum
1171 2094 1300 2175 pectori

83 2216 136 2258 suo
156 2200 354 2263 dulcissimis
377 2199 585 2282 amplexibus
610 2200 825 2275 astrinxisset,
849 2201 1018 2282 pedesque
1041 2202 1111 2263 eius
1134 2201 1300 2263 uberrimo

89 2301 278 2369 lacrimarum
301 2306 392 2373 fonte
415 2308 565 2388 rigasset,
589 2308 659 2388 ipse
682 2306 864 2369 refocillato
880 2305 985 2370 fidelis
1000 2306 1110 2370 famuli
1127 2308 1299 2385 desiderio,

90 2431 104 2470 e
125 2416 264 2478 manibus
287 2416 429 2477 tenentis
452 2415 606 2490 resiliens
630 2416 809 2497 aspiciente
832 2414 889 2477 illo
911 2416 954 2479 ad
978 2415 1105 2478 caelum
1129 2416 1233 2479 rediit.

178 2524 267 2586 Ecce
300 2532 443 2604 quantae
475 2525 746 2586 remunerationis
776 2523 929 2586 solatium
953 2525 1053 2588 etiam
1076 2527 1110 2587 in
1133 2527 1298 2608 praesenti

89 2627 147 2688 uita
173 2632 328 2712 consequi
359 2633 493 2706 meruit,
524 2633 578 2712 qui
609 2632 742 2713 dignam
766 2634 799 2694 in
822 2653 858 2694 se
882 2632 957 2694 Deo
981 2635 1184 2695 mansionem
1209 2655 1299 2717 prae·

95 2753 192 2811 parare
218 2741 358 2813 studuit,
390 2748 426 2802 ut
457 2759 556 2820 quem
587 2760 688 2821 saepe
720 2741 752 2802 in
784 2741 893 2804 cordis
924 2738 1069 2823 hospitio
1100 2752 1298 2823 susceperat,

97 2839 249 2921 aliquando
278 2849 378 2909 etiam
411 2848 541 2909 mundis
573 2847 723 2909 manibus
747 2847 981 2930 amplectendo
1004 2849 1192 2930 susciperet.
1225 2851 1297 2930 quis

92 2949 167 3010 enim
188 2953 346 3036 ambigat,
370 2955 479 3016 animo
503 2954 554 3016 uel
579 2955 627 3016 ori
651 2955 719 3017 elus
743 2955 860 3016 eadem
885 2955 1049 3016 occurisse
1073 2956 1188 3031 uerba,
1212 2977 1296 3038 quae

56 3073 102 3115 ²⁵a
129 3055 273 3124 Simeone
306 3070 381 3122 sunt
412 3060 557 3143 prolata,
592 3081 665 3123 cum
697 3061 823 3123 diutina
851 3061 951 3143 ipsius
981 3063 1173 3144 expectatio
1203 3064 1297 3126 iuxta

82 3173 182 3229 uotum
206 3169 321 3230 fuisset
345 3167 543 3250 adimpleta?
568 3169 685 3230 merito
709 3169 833 3250 quippe
856 3189 995 3230 exorare
1012 3178 1153 3251 poterat,
1176 3170 1296 3234 dimitti

81 3289 110 3330 se
132 3283 255 3338 utnon
278 3276 404 3338 uideret
429 3286 577 3351 mortem,
601 3278 677 3358 quia
699 3277 811 3338 uidere
828 3277 999 3338 meruisset
1014 3279 1101 3339 uitae
1117 3288 1295 3355 auctorem,

79 3377 206 3446 relaxari
232 3405 252 3446 a
275 3385 428 3460 tenebris
452 3387 528 3466 quia
551 3386 691 3466 gratiam
714 3385 782 3447 ueri
807 3385 1005 3467 suscepisset
1029 3384 1165 3448 luminis

465 3616 777 3680 CAPITVLVM
808 3617 910 3680 XIII.

547 3762 600 3822 De
625 3763 815 3823 Matthaeo.

173 3922 301 3984 Verum
331 3921 497 4002 susceptio
521 3923 583 3983 ista
605 3921 793 4002 singulariS,
825 3923 867 3984 de
891 3943 956 4004 qua
978 3925 1126 4005 superius
1150 3925 1294 4000 audistis,

76 4041 134 4087 non
164 4031 227 4091 nisi
258 4030 370 4110 paucis
401 4031 555 4093 conuenit
587 4028 715 4104 eleetIS,
748 4051 831 4112 quos
860 4051 901 4092 eo
926 4033 1080 4114 prouexit
1103 4033 1292 4094 meritorum

76 4134 266 4198 excellentia
289 4136 455 4217 specialiS,
479 4145 514 4198 ut
537 4157 611 4200 cum
630 4138 756 4218 Joanne
781 4139 909 4201 dicant:
941 4161 1057 4201 mamm
1080 4150 1206 4202 nostrae
1228 4138 1293 4220 pal·

77 4251 231 4316 pauerunt
262 4243 301 4304 de
324 4243 415 4306 uerbo
438 4245 531 4306 uitae.
561 4247 699 4327 proinde
722 4247 785 4308 ista
808 4255 937 4309 uestrae
961 4248 1170 4329 relmquImus
1193 4228 1293 4309 beati·

49 4365 68 4402 ss
77 4347 187 4426 tudini,
227 4351 283 4432 qui
314 4350 440 4432 aquilae
472 4351 644 4414 sublimem
676 4352 822 4415 uolatum
854 4373 892 4416 ac
925 4353 1078 4415 subtilem
1109 4354 1291 4416 contuitum

177 4504 200 4556 s·
221 4495 261 4542 Ps·
283 4504 324 4557 54,
346 4504 368 4554 7·
389 4521 423 4529 -
443 4505 484 4555 34-
505 4495 524 4545 1·
545 4496 584 4558 Jo-
609 4507 629 4542 1-
654 4508 675 4544 1·
1117 4565 1149 4629 3*
