3167 5025
687 566 995 639 CAPITVLVM
1019 568 1120 639 ΧΙΙῙ.

463 717 558 782 Laus
582 721 626 782 ab
651 729 775 783 ornatu
799 721 1028 800 spiritualium
1052 720 1353 783 indumentorum.

400 879 627 962 Stragulatam
649 891 765 942 uestem
785 881 870 962 fecit
890 879 971 944 sibi:
1000 879 1110 962 byssus
1131 890 1163 943 et
1182 891 1338 962 purpura
1362 878 1503 940 indumen·

291 997 358 1052 tum
388 989 464 1050 eim.
496 1007 517 1050 ο
549 996 672 1069 quanta
702 987 820 1051 beatae
851 987 945 1051 huius
976 997 1147 1052 matronae
1177 986 1369 1070 opulentia,
1401 996 1503 1068 quanta

291 1096 546 1179 dispensationis
569 1095 639 1157 eius
662 1096 851 1178 prudentia!
875 1097 980 1158 uirum
996 1094 1180 1178 duplicibus
1196 1096 1308 1170 uestit,
1333 1094 1522 1156 domesticus

291 1223 311 1264 a
333 1200 464 1286 frigore
479 1222 546 1265 non
570 1204 680 1277 timet,
704 1223 788 1285 quos
813 1223 917 1285 aeque
941 1202 1125 1286 duplicibus
1149 1203 1385 1276 communiuit,
1408 1210 1501 1262 semet·

290 1311 397 1393 ipsam
421 1329 501 1372 uero
516 1309 739 1392 multipliciter
761 1313 945 1374 exornauit.
968 1311 1183 1393 stragulatam
1206 1319 1340 1373 uestem
1363 1309 1422 1371 sibi
1435 1307 1500 1378 fecit,

290 1417 429 1498 byssum
460 1425 494 1478 et
525 1437 703 1500 purpuram
733 1417 847 1481 induit.
878 1428 954 1482 sunt
985 1427 1019 1481 et
1050 1417 1112 1481 alia
1140 1419 1209 1480 eius
1238 1417 1445 1488 indumenta,
1469 1414 1500 1474 de

292 1525 410 1606 quibus
433 1524 533 1607 paulo
556 1534 633 1607 post
657 1526 791 1588 dicetur.
816 1528 933 1590 merito
956 1527 1054 1608 igitur
1074 1525 1130 1588 tali
1152 1525 1402 1590 circumamicta
1422 1522 1499 1583 uarie·

290 1641 359 1694 tate
390 1633 459 1694 uiro
490 1653 551 1695 suo
581 1633 768 1716 complacet
806 1643 840 1696 et
871 1635 985 1697 oculos
1023 1633 1203 1698 maiestatis
1243 1634 1317 1695 eius
1350 1629 1517 1693 demulcet.¹⁰

289 1741 375 1802 inter
404 1738 464 1802 has
495 1761 575 1803 uero
607 1743 720 1804 matris
751 1741 785 1803 et
816 1744 971 1824 martyris
1002 1743 1094 1804 istius
1124 1741 1258 1804 delicias
1286 1741 1315 1802 si
1341 1747 1441 1801 mater
1457 1734 1494 1796 illa

290 1847 419 1927 generis
442 1849 546 1910 nostri
570 1848 612 1910 ad
636 1849 829 1914 memoriam
845 1850 968 1923 redeat,
992 1848 1080 1911 exilii
1095 1849 1199 1910 nostri
1215 1848 1364 1930 gemitus
1380 1847 1490 1910 innouat,

289 1965 406 2038 potum
436 1955 533 2017 nobis
564 1954 770 2018 lacrimarum
802 1955 1033 2019 subministrat.
1065 1955 1119 2018 illa
1149 1956 1234 2018 enim
1261 1949 1484 2017 immortalitatis

290 2062 450 2126 uelamine
473 2063 598 2125 nudata
621 2063 663 2124 ad
687 2062 831 2126 latebras
855 2062 1017 2144 confugit,
1046 2082 1209 2127 consuens
1231 2061 1312 2125 folia
1337 2061 1417 2124 ficus
1433 2055 1481 2140 peri·

289 2177 420 2232 zomata
453 2168 546 2248 iecit,
584 2169 704 2232 deinde
738 2191 813 2233 cum
848 2191 909 2253 pro
944 2179 1036 2233 reatu
1071 2171 1113 2233 de
1148 2169 1306 2253 paradiso
1341 2163 1504 2249 uoluptatis

288 2275 474 2358 pelleretur,
496 2278 641 2340 tunicam
664 2277 827 2360 pelliciam
851 2280 988 2362 accepit.
1011 2299 1033 2342 o
1049 2278 1235 2342 miseranda
1250 2279 1488 2340 indumentorum

288 2384 520 2446 commutatio!
551 2383 645 2447 aliter
675 2393 725 2460 te,
756 2407 778 2447 o
809 2395 937 2467 martyr
967 2384 1151 2448 felicissima
1174 2384 1348 2460 Felicitas,
1380 2375 1488 2446 induisti,

289 2491 352 2555 alia
374 2491 471 2555 nubis
494 2493 766 2557 uestimentorum
789 2503 922 2557 tuorum
946 2493 1101 2578 exempla
1124 2493 1289 2576 reliquisti.
1325 2486 1485 2573 originalem

288 2600 387 2681 igitur
409 2598 497 2663 hunc
519 2599 651 2677 luctum,
674 2622 773 2684 quem
798 2611 903 2664 mater
926 2602 1032 2665 intulit
1056 2602 1201 2664 omnium
1225 2602 1415 2673 uiuentium,
1439 2610 1487 2656 con·
1550 2590 1551 2643 i

287 2706 395 2770 solare
424 2717 477 2782 tu,
508 2728 530 2769 0
560 2710 749 2772 ueneranda
779 2718 886 2773 mater
917 2710 1046 2793 septem
1077 2708 1232 2773 filiorum!
1261 2707 1349 2771 illius
1380 2698 1510 2789 perfidiast>
1550 2696 1551 2765 i

287 2816 394 2877 uir'um
422 2815 675 2897 incorruptionis
706 2816 794 2880 stola
816 2818 925 2892 exuit,
956 2814 1038 2881 fides
1061 2825 1119 2879 tua
1141 2815 1262 2901 duplici
1286 2814 1389 2899 pallio
1411 2810 1490 2873 uirum

287 2923 432 2985 ornauit:
455 2921 574 2985 iliade
598 2921 682 2986 foliis
705 2924 855 2987 iacillime
880 2924 1099 2988 dissoluendis
1122 2924 1341 3005 tegimentum
1366 2918 1423 2983 sibi
1436 2931 1492 2977 con·

287 3031 369 3105 suit,
399 3034 435 3092 tu
466 3030 681 3111 stragulatam
713 3040 841 3095 uestem
871 3032 929 3095 tibi
956 3031 1068 3095 fecisti.
1099 3030 1281 3113 stragulata
1304 3032 1391 3093 enim
1414 3018 1492 3087 uestit

287 3145 346 3212 est,
369 3157 454 3219 quae
469 3138 617 3200 uariante
631 3142 767 3201 teirtura
781 3139 868 3203 solet
884 3138 1069 3203 firmissima
1081 3136 1205 3215 confici,
1221 3135 1420 3201 fortitudinis
1434 3140 1491 3191 tuae
1550 3134 1551 3141 ’

287 3263 390 3326 opera
419 3252 453 3307 et
484 3245 614 3308 diuersa
641 3247 798 3309 uirtutum
822 3244 1009 3329 significans
1033 3255 1235 3310 ornamenta.
1266 3255 1374 3311 mater
1394 3239 1443 3304 illa
1460 3229 1508 3293 ads

286 3350 495 3415 mortalitatis
526 3353 680 3417 indicium
711 3354 841 3436 pellicia
871 3356 1014 3418 induitur
1044 3357 1170 3430 tunica,
1207 3363 1244 3416 tu
1280 3348 1437 3416 castitatis
1464 3356 1488 3399 δῦ

286 3471 388 3541 purae
427 3461 685 3523 conuersationis
724 3462 957 3525 candidissima
994 3464 1094 3525 uteris
1132 3461 1253 3543 bysso:
1291 3459 1352 3523 illa
1389 3450 1484 3533 regium

285 3565 429 3649 paradisi
453 3567 577 3642 aulam,
605 3587 704 3649 quam
728 3570 798 3631 sine
823 3568 935 3633 labore
960 3570 1083 3653 adepta
1105 3569 1225 3644 fuerat,
1255 3567 1418 3631 desidiose
1438 3568 1487 3639 per·

286 3674 378 3749 didit,
409 3683 445 3737 tu
469 3673 512 3737 ad
536 3674 617 3737 caeli
639 3675 798 3757 palatium
821 3679 980 3758 sanguine
1004 3686 1183 3760 purpurata
1205 3673 1396 3757 regrederis
1425 3662 1489 3726 sicut

285 3779 340 3843 illa
370 3799 438 3842 non
469 3801 505 3843 se
536 3790 664 3845 tantum
695 3783 755 3845 sed
779 3792 813 3845 et
837 3802 969 3851 omnem
1003 3784 1122 3847 deiecit
1152 3801 1244 3845 suam
1274 3778 1513 3863 posteritatem
1550 3848 1551 3851 Ἴ

286 3890 332 3950 sic
349 3897 384 3950 tu
401 3889 443 3952 ad
458 3899 648 3952 sanctorum
672 3900 855 3972 martyrum
879 3892 1073 3955 societatem
1097 3911 1164 3953 non
1187 3889 1259 3952 sola
1281 3869 1488 3951 conscendisti,

284 3997 386 4058 immo
410 3998 628 4079 septenariam
652 3996 791 4059 filiorum
816 3999 964 4062 subolem
988 4001 1110 4081 pariter
1133 3998 1323 4079 prouexisti.
