3167 5025
234 244 275 311 28

232 441 389 507 Abrahae
420 438 571 508 deforis
601 446 718 510 dicitur
750 467 769 509 a
792 444 954 510 Domino:
983 446 1111 509 habebit
1134 444 1219 508 Sara
1238 440 1449 528 filium,'hic

233 559 343 612 autem
367 552 482 615 ordine
505 563 648 630 mutat0,
673 564 708 616 ut
732 556 831 617 etiam
855 553 1040 617 infirmioris
1064 574 1164 616 sexus
1188 553 1332 633 dignitas
1355 560 1458 614 osten-

231 658 345 734 datur,
376 660 491 722 mulier
514 661 649 724 caelitus
674 663 735 725 sibi
759 664 957 745 promissum
981 664 1051 724 uiro
1075 662 1204 724 nuntiat
1228 669 1367 742 partum.
1396 660 1459 739 qui·
1549 705 1550 748 ἒ

231 764 293 827 bus
318 769 436 830 auditis
461 790 535 831 cum
559 779 688 832 orasset
712 770 833 833 Manue
856 771 898 832 ad
916 771 1104 844 Dominum,
1128 778 1164 831 ut
1187 768 1331 830 eundum
1351 766 1459 829 uidere

232 883 412 936 mereretur
445 878 610 951 nuntium,
643 879 762 940 iterato
794 878 931 959 angelus
954 888 1021 939 non
1045 879 1074 939 ei
1099 877 1157 938 sed
1182 876 1278 937 uxori
1303 876 1490 956 apparuits
1550 908 1552 946 5

232 979 352 1061 illaque
369 982 526 1045 festinans
542 986 694 1047 maritum
713 986 896 1048 aduocauit.
922 987 1034 1066 sicque
1051 985 1101 1046 bis
1118 983 1173 1045 illo
1191 984 1329 1045 absente
1345 980 1460 1061 angeli·
1550 1061 1551 1072 ἵ

232 1106 304 1149 cam
330 1089 489 1153 uisionem
515 1094 670 1174 excipere
697 1096 823 1156 meruit.

294 1238 296 1243 ·
345 1197 444 1259 Cuius
468 1199 613 1281 exempli
642 1199 746 1262 forma
774 1223 840 1282 quo
865 1200 1029 1274 referatur,
1052 1193 1158 1262 nostis
1181 1209 1215 1261 et
1238 1198 1324 1261 bene
1348 1198 1460 1278 nostis,

231 1308 404 1388 quianon
429 1306 495 1368 alta
520 1309 685 1389 sapientes
708 1309 767 1369 sed
792 1308 966 1371 humilibus
990 1310 1235 1370 consentientes
1266 1308 1355 1369 estis.
1388 1306 1460 1368 ideo

232 1416 318 1477 enim
342 1416 427 1476 bene
452 1436 512 1477 uos
536 1435 634 1477 nosse
658 1417 747 1490 dico,
772 1418 926 1497 quoniam
952 1418 993 1478 ad
1018 1418 1143 1478 ruinam
1168 1417 1275 1495 magis
1298 1433 1398 1495 quam
1421 1413 1459 1473 ad
1470 1436 1490 1459 το

231 1522 370 1603 gloriam
395 1531 445 1583 est
469 1523 631 1584 bonorum
652 1524 769 1585 notitia
786 1525 836 1585 uel
855 1526 1067 1606 experientia,
1092 1525 1153 1585 nisi
1169 1522 1353 1585 humilitate
1370 1519 1460 1581 fuerit

236 1638 423 1711 praeuenta.
463 1629 538 1692 licet
577 1651 657 1709 ergo
697 1632 739 1692 ad
779 1633 1010 1693 uerecundiam
1050 1630 1128 1692 milri
1169 1632 1210 1692 sit
1249 1631 1340 1711 quod
1378 1629 1459 1699 dico,

228 1747 341 1799 tamen
367 1736 496 1799 silentio
520 1740 697 1818 praeterire
721 1758 787 1799 non
813 1740 928 1809 auden,
953 1740 1028 1819 quia
1052 1740 1151 1800 etiam
1175 1758 1230 1799 me
1248 1745 1380 1798 tacente
1395 1734 1457 1795 boc

230 1844 294 1906 iam
320 1845 443 1906 dudum
468 1844 708 1931 proclamatum
732 1855 782 1907 est
806 1848 838 1907 in
863 1846 1003 1928 publico.
1035 1846 1067 1906 in
1092 1846 1304 1927 susceptione
1329 1842 1455 1923 angelo

229 1972 318 2026 rum,
352 1953 453 2013 immo
487 1952 610 2013 domini
642 1962 675 2013 et
705 1954 792 2034 regis
816 1954 978 2034 ipsorum,
1010 1973 1110 2033 quam
1135 1952 1295 2034 plurimos
1320 1952 1457 2013 uirorum
1469 1982 1486 2016 η

230 2060 381 2122 mulieres
405 2069 539 2121 sanctae
563 2062 786 2141 praeueniunt,
812 2082 896 2141 quae
920 2063 962 2124 ad
988 2061 1197 2143 suscipienda
1220 2059 1273 2121 uel
1290 2056 1460 2140 implenda,

230 2188 343 2229 sacrae
367 2167 449 2248 legis
470 2169 626 2231 mandata
642 2171 825 2250 paratiores
842 2190 877 2231 se
894 2169 1064 2232 exhibent.
1088 2171 1132 2231 de
1148 2190 1201 2231 me
1218 2170 1305 2230 enim
1322 2166 1460 2246 mihique

230 2274 394 2349 similibus,
419 2277 474 2357 qui
491 2285 704 2357 peccatorum
720 2278 868 2359 pondere
885 2298 1150 2359 praegrauamur,
1166 2298 1209 2338 ne
1226 2278 1268 2338 ad
1286 2276 1455 2358 suscipien-

230 2384 309 2445 dum
323 2384 431 2445 Deum
450 2383 562 2445 debita
579 2383 747 2446 alacritate
764 2405 983 2459 occurramus,
1000 2384 1164 2467 propbeta
1176 2385 1324 2465 queritur
1336 2385 1454 2446 dicens:

230 2490 314 2554 m‘dr't
336 2490 513 2564 Dominus,
544 2503 575 2555 rt
604 2491 728 2554 mulum
758 2494 913 2574 apparuit
934 2493 969 2554 in
992 2492 1093 2556 oculis
1115 2494 1199 2565 einr,
1230 2493 1308 2573 quia
1332 2513 1393 2554 nnn
1412 2492 1485 2548 estro

228 2599 394 2671 indictum,
418 2610 448 2660 rt
470 2597 561 2672 m‘dr't,
586 2601 662 2681 quia
687 2621 748 2661 non
772 2611 819 2662 est
840 2601 901 2672 nir,
924 2611 955 2662 er
976 2601 1144 2682 aporiatus
1167 2610 1220 2672 cst,
1244 2600 1323 2681 quia
1340 2619 1398 2661 nnn
1413 2604 1455 2656 est

229 2707 287 2790 qui
307 2717 459 2768 accurrat.
493 2707 711 2769 debueramus
735 2709 858 2789 quippe
881 2729 959 2781 nos,
983 2710 1038 2788 qui
1062 2709 1120 2770 uiri
1146 2709 1300 2782 dicimur,
1324 2703 1450 2769 uiriliter

229 2835 344 2896 agere,
376 2824 409 2876 et
441 2835 523 2877 sexu
553 2815 743 2877 naturaliter
774 2814 926 2877 fortiores
959 2816 1000 2877 ad
1037 2817 1140 2897 ipsius
1164 2816 1264 2877 etiam
1290 2829 1455 2877 occursum

228 2924 451 3005 promptiores
476 2944 557 2986 esse.

335 3031 401 3093 Sed
426 3031 504 3092 dum
529 3050 708 3110 euagamur
732 3038 765 3092 et
793 3031 890 3092 rebus
911 3029 1105 3098 transitoriis
1123 3040 1239 3092 contra
1255 3029 1457 3112 propositum
1466 3052 1481 3085 ες

228 3147 377 3200 nostrum
402 3138 649 3199 immoderatius
674 3159 883 3220 occupamur,
907 3148 1094 3220 susceptam
1120 3140 1162 3200 ab
1186 3136 1362 3200 infirmiore
1379 3154 1457 3198 sexu

229 3246 378 3308 occultae
411 3247 605 3308 uisitationis
636 3248 775 3326 gratiam
809 3247 929 3308 sentire
961 3267 1027 3308 non
1058 3266 1229 3307 meremur.
1262 3246 1395 3306 ueniunt
1419 3241 1457 3302 ad

175 3347 178 3351 ’
229 3363 360 3416 sanctas
384 3354 527 3434 uirgines
552 3353 668 3435 angeli,
693 3354 847 3417 concines
872 3364 904 3415 et
930 3355 1064 3434 cognati
1081 3372 1202 3427 earum,
1226 3354 1304 3433 quia
1320 3358 1458 3430 cognata

228 3471 279 3523 est
319 3461 444 3541 angelis
473 3462 656 3542 uirginitas,
687 3461 901 3524 consolantur
925 3461 1103 3523 sterilitatis
1127 3460 1265 3534 luctum,
1297 3457 1458 3540 spondent

228 3571 275 3630 eis
307 3569 481 3630 affuturum
516 3569 585 3629 sine
613 3569 810 3648 integritatis
842 3569 1016 3650 dispendio
1040 3577 1187 3649 partum:
1220 3588 1258 3628 ac
1283 3568 1309 3627 si
1333 3566 1486 3626 dicanttso

229 3677 314 3751 felix
345 3677 478 3757 quidem
509 3676 628 3738 srm‘ln·
660 3687 690 3738 et
720 3677 977 3757 z'ncoinqm'aam,
1013 3697 1096 3756 qnae
1127 3674 1261 3736 nesciuit
1290 3685 1393 3736 torum
1423 3669 1455 3730 iu

228 3784 348 3856 delicto,
373 3783 499 3846 habeor
506 3785 654 3864 srrtcrum
677 3785 710 3845 iu
727 3784 914 3865 respcrtzime
929 3784 1115 3844 animnrmtr
1132 3793 1338 3854 ronctarrmr,·
1361 3795 1453 3860 quam

228 3902 339 3954 tamen
374 3893 467 3953 iuxta
499 3890 641 3973 apostoli
673 3892 872 3953 sententiam
897 3889 1024 3951 fsaluari
1059 3897 1193 3970 oportet
1226 3901 1286 3970 prr
1308 3887 1453 3970 filiorum

225 4000 467 4081 generatorem,
492 3999 524 4059 id
550 4008 600 4060 est
624 3998 787 4060 bonorum
813 4017 951 4080 operum
976 3997 1260 4078 propagationem.
1285 3995 1362 4076 quid
1380 4007 1452 4053 uero

228 4109 336 4170 dicam
360 4108 402 4169 de
426 4107 636 4169 obseruantia
661 4106 886 4180 abstinentiae,
911 4107 997 4185 quae
1021 4104 1117 4165 uxori
1133 4103 1253 4164 Manue
1274 4100 1481 4182 iniungitusz

228 4225 263 4276 ut
287 4215 446 4276 munditia
470 4222 668 4295 praeuentus
692 4214 814 4275 uentris
839 4213 908 4274 eius
931 4211 1055 4272 tructus
1078 4211 1178 4291 digne
1195 4211 1271 4272 Deo
1290 4221 1452 4271 consecre-

227 4321 300 4385 tur?
331 4322 375 4384 illi
399 4342 439 4383 ne
464 4323 574 4383 uinum
598 4330 654 4381 aut
679 4320 816 4382 siceram
839 4319 946 4393 bibat,
971 4327 1004 4380 et
1028 4339 1069 4380 ne
1094 4317 1202 4399 aliquo
1228 4326 1379 4381 uescatur
1400 4313 1450 4373 im-

339 4478 359 4513 1.
380 4465 444 4512 Gen.
463 4463 500 4523 18,
520 4475 557 4510 10.
578 4489 613 4496 ——
633 4475 674 4509 22.
696 4461 727 4508 ls.
744 4471 783 4526 59,
803 4472 841 4523 15.
856 4478 891 4525 sq.
912 4489 947 4496 -
967 4471 1008 4522 32.
1024 4462 1082 4524 Sap.
1098 4473 1122 4521 3,
1142 4473 1181 4521 13.
1203 4490 1238 4497 -
1258 4463 1276 4510 l.
1290 4460 1355 4508 Tim.
1374 4469 1395 4504 2.
1411 4462 1446 4518 ¹5¹
