3167 5025
1280 309 1316 375 51

88 492 221 553 sarcina
238 492 345 553 carnis
361 490 523 573 deposita.
548 512 621 553 cum
639 492 758 575 palmis
782 495 937 555 uictoriae
954 502 986 554 et
1003 486 1165 555 bonorum
1182 514 1320 576 operum

87 600 198 661 odore
229 599 261 659 in
294 597 427 660 caelesti
452 599 656 661 Hierusalem
688 601 795 662 eidem
819 621 991 663 occurrere
1015 600 1201 663 ualeamus?
1232 602 1319 665 unde

85 706 262 769 sollemnis
297 705 455 768 ecclesiae
491 727 563 769 mos
598 707 748 782 inoleuit,
783 717 820 771 ut
854 707 896 769 ad
932 708 1154 772 innouandum
1189 698 1320 792 semper

85 815 243 877 eiusdem
276 813 463 877 deuotionis
494 814 632 890 cultum,
664 810 814 879 reuoluto
846 816 1014 881 annuatim
1042 816 1225 881 dominicae
1248 835 1320 899 pas·

66 923 370 1005 ssionis'tempore
393 908 428 985 iri
450 942 549 985 unum
573 924 712 999 collecti,
736 944 810 988 cum
834 926 932 987 ramis
955 915 1137 1007 palmarum
1157 915 1319 987 iucundis·

89 1033 170 1093 sime
198 1030 292 1111 quasi
316 1030 358 1091 ad
382 1032 626 1113 suscipiendum
651 1031 829 1094 Dominum
857 1033 1091 1115 procedamus,
1122 1022 1216 1113 eique
1247 1021 1320 1115 sup·

88 1140 221 1221 pliciter
237 1138 270 1199 in
286 1138 359 1219 ipsa
373 1158 539 1201 ramorum
556 1139 805 1202 consecratione
825 1132 988 1203 dicamus:
1012 1159 1090 1202 ecce
1107 1132 1319 1215 Hierusalem,

89 1247 213 1309 sedens
249 1265 347 1326 super
382 1244 506 1307 asinam
541 1267 602 1308 rex
637 1255 827 1309 mansuetus
866 1247 1043 1324 aduenisti;
1082 1247 1201 1309 adueni
1239 1258 1319 1329 ergo

90 1373 251 1435 rogamus
275 1362 308 1414 et
331 1352 443 1427 nobis,
474 1353 563 1417 etin
588 1354 697 1417 medio
728 1355 832 1417 nostri
856 1347 1018 1429 consiste,
1049 1362 1084 1416 ut
1109 1362 1143 1415 t‘e
1166 1344 1319 1421 aduenire

62 1464 116 1524 ¹oin
149 1462 279 1524 nostris
310 1460 465 1523 cordibus
497 1462 691 1539 sentiamus;
723 1471 756 1524 et
787 1463 843 1542 qui
874 1471 952 1525 tunc
983 1482 1044 1523 nos
1075 1452 1321 1547 reparasti'per

87 1590 234 1644 crucem,
259 1569 376 1631 iterum
401 1569 511 1651 lapsos
536 1566 652 1652 repara
675 1590 735 1652 per
758 1570 898 1632 eandem
922 1568 1106 1635 beatificam
1123 1572 1319 1653 passionem.

86 1680 173 1740 sicut
209 1685 295 1739 tuno
326 1677 443 1759 prion's
478 1678 591 1760 populi
627 1688 740 1759 gratus
779 1677 839 1740 tibi
872 1677 931 1739 fuit
966 1687 1099 1740 sanctae
1134 1679 1320 1742 deuotionis

88 1787 240 1859 affectus,
264 1785 311 1847 ita
334 1805 394 1847 nos
419 1806 551 1867 quoque
575 1786 607 1848 in
631 1788 768 1848 ueritate
789 1776 1158 1848 confessionis'nominis
1175 1788 1221 1847 tui
1237 1786 1319 1849 haec

87 1894 209 1955 eadem
235 1912 296 1973 per
318 1892 467 1954 reuoluta
490 1901 641 1975 tempora
665 1891 927 1974 frequentantes,
960 1891 1137 1974 purificatis
1170 1893 1319 1955 sensibus

56 2002 229 2083 „dignum
263 2000 323 2062 tibi
354 1999 539 2063 descramus
570 2000 772 2082 obsequium.
804 2000 854 2062 his
885 2000 1028 2062 breuiter
1058 2000 1100 2062 de
1131 1986 1318 2063 illo-fidelis

89 2108 204 2191 populi
239 2126 377 2169 occursu
409 2106 617 2189 praelibatiS,
648 2107 777 2171 uidetur
808 2106 884 2169 mihi
911 2108 973 2169 iste
998 2107 1130 2169 Domini
1155 2097 1318 2189 equitatus

93 2236 158 2277 non
180 2216 292 2277 otiose
317 2214 591 2295 praetereundus;
624 2216 817 2297 praesertim
842 2215 918 2296 quia
940 2212 1135 2295 prophetica
1158 2205 1319 2289 contesta-

99 2324 180 2385 tione
203 2322 398 2396 mandatur,
430 2330 466 2384 ut
490 2320 677 2385 filiae'Sion
701 2323 763 2384 ista
794 2322 1033 2384 denuntientur.
1065 2321 1175 2394 dicite,
1206 2314 1319 2405 inquit,

90 2430 180 2512 filiae
213 2430 314 2492 Sion:
348 2450 428 2500 ecce,
460 2450 519 2492 rex
549 2440 622 2492 tuus
653 2429 740 2491 uenit
769 2429 829 2491 tibi
857 2439 1040 2492 mamertus
1047 2480 1060 2501 ,
1084 2430 1197 2493 sedens
1226 2435 1322 2516 super

64 2569 88 2593 20
97 2540 230 2610 asinam,
253 2549 285 2600 et
299 2537 431 2620 palliam
446 2538 562 2620 filium
585 2538 771 2620 subiugales.
1134 2534 1137 2537 ‘
1225 2528 1228 2533 ¹

200 2646 376 2708 Attendite
400 2644 516 2732 fratres
541 2647 705 2720 carissimi,
730 2645 773 2708 ad
796 2666 881 2726 quos
904 2643 1089 2728 specialiter
1111 2667 1318 2727 peromnem
1347 2710 1349 2713 ,

104 2753 196 2814 libelli
223 2753 317 2816 huius
347 2762 478 2815 textum
510 2752 586 2815 mihi
618 2773 727 2816 sermo
751 2762 817 2830 est;
849 2774 926 2828 uos,
957 2754 1106 2833 inquam,
1137 2754 1318 2818 auscultate

107 2861 177 2921 uoci
198 2860 421 2944 propheticae,
453 2881 564 2923 aurem
589 2858 697 2923 cordis
722 2859 877 2923 adhibete
900 2860 1077 2922 narrationi
1101 2854 1318 2942 euangelicae.

99 2987 174 3030 nam
212 2969 297 3049 quod
338 2967 539 3048 euangelista
577 2967 698 3029 factum
737 2976 863 3041 narrat,
902 2966 1067 3049 propheta
1105 2967 1203 3048 longe
1240 2977 1317 3033 ante

58 3103 81 3138 νε
92 3075 232 3138 futurum
264 3075 485 3158 praedixerat.
516 3094 577 3136 nec
607 3070 797 3156 simpliciter
820 3075 1026 3156 praedixisse
1050 3067 1184 3149 sufficit,
1215 3073 1317 3137 immo
1345 3103 1348 3109 ·

88 3205 107 3246 a
130 3205 167 3246 se
191 3184 319 3246 dictum
344 3181 413 3243 aliis
437 3181 612 3244 dicendum
636 3182 781 3262 iniungit.
806 3181 912 3251 dicite,
936 3182 1085 3261 inquam,
1107 3181 1206 3264 filiae
1230 3183 1316 3246 Seme.

86 3312 153 3354 non
177 3290 272 3353 solus
297 3307 362 3370 ego
386 3289 503 3363 dicam,
526 3308 587 3351 nec
612 3287 701 3350 solus
725 3296 837 3350 tantae
852 3289 986 3369 ,gratiae
1009 3288 1231 3351 testimonium
1248 3305 1318 3372 per·-

84 3399 230 3473 hibeam,
255 3418 298 3459 ne
321 3395 405 3458 forte
424 3395 512 3458 ‘filiae
526 3396 608 3459 'Sion
633 3396 722 3476 quod
747 3396 865 3458 dicitur
884 3395 1082 3478 persuadere
1098 3417 1164 3459 non
1181 3397 1316 3460 ualeam.

82 3509 200 3572 dicant
227 3505 280 3568 alii
304 3512 403 3584 atque
428 3503 488 3577 alii,
520 3511 553 3564 et
577 3523 596 3564 a
619 3503 832 3584 generatione
856 3504 888 3565 in
912 3501 1159 3584 generationem
1182 3505 1317 3580 dicatur,

49 3641 71 3676 ³0
80 3625 113 3678 et
140 3611 351 3694 frequentius
373 3619 556 3692 repetatur;
588 3617 623 3672 ut
647 3611 765 3673 iterata
787 3611 999 3694 repetitione,
1031 3612 1099 3673 eius
1123 3612 1174 3673 cui
1201 3612 1318 3674 dicitur

78 3721 270 3786 memoriae
285 3719 440 3780 'tenacius
465 3693 683 3799 imprimatur:
708 3719 817 3781 dicite·
837 3738 925 3799 ergo·
945 3716 1010 3780 'uos
1040 3719 1232 3801 praecipue,
1263 3720 1318 3800 qui

78 3831 177 3894 uerbi
204 3827 300 3889 huius
323 3827 477 3888 uirtutem
502 3825 637 3901 sentitis
665 3827 720 3907 qui
743 3826 822 3889 dicti
846 3827 1006 3888 rationem
1030 3825 1206 3889 reddentes
1231 3827 1317 3890 audi·

77 3938 217 4000 toribus
242 3955 286 3996 ex
310 3934 506 3996 auctoritate
531 3933 729 4014 persuadere
753 3933 885 3995 ualetis-
901 3933 997 3995 dicite
1010 3932 1110 4015 filiae
1126 3933 1221 3997 Sion:
1243 3955 1317 4007 ecce,

78 4067 142 4108 rex
177 4053 256 4105 tuus
283 4041 372 4102 uenit
392 4040 451 4102 tibi
472 4043 670 4112 mamertus,
701 4041 813 4102 sedens
835 4054 930 4122 super
950 4038 1092 4103 asinam
1119 4041 1257 4123 proinde
1281 4050 1317 4103 ut

44 4179 67 4214 3⁵
79 4153 204 4217 audita
228 4157 380 4232 patenter
404 4149 600 4230 intelligatis
624 4157 657 4210 et
680 4149 798 4211 imitari
822 4149 990 4230 satagatis
1016 4148 1207 4231 egredimini
1218 4148 1317 4230 filim

80 4261 178 4331 Sion,
205 4257 238 4319 id
263 4265 313 4318 est
337 4257 464 4318 animae
488 4254 611 4330 fideles
634 4266 665 4318 et
685 4255 788 4318 uidete
812 4276 915 4336 regem
933 4255 1135 4318 Salomonem
1151 4275 1225 4316 »non
1248 4264 1317 4317 tan-

78 4372 159 4430 tum
192 4364 227 4426 in
259 4362 456 4434 diademate,
487 4385 547 4444 quo
578 4362 744 4424 cormmm't
763 4383 834 4424 eum
857 4363 962 4424 inciter
981 4382 1057 4431 sua,
1089 4381 1202 4423 uerum
1227 4362 1316 4424 etin

199 4519 241 4556 20.
264 4507 326 4558 Mat.
348 4519 388 4567 21,
410 4517 432 4570 5.
453 4533 488 4542 -·
508 4516 550 4569 37·
571 4506 643 4556 Cant.
664 4517 687 4568 31
712 4518 750 4556 ¹¹·
1159 4572 1174 4604 ὴ

175 4595 176 4598 ,
1137 4589 1154 4636 4
