3167 5025
643 427 957 538 cnrrrvcvru
984 474 1027 537 n.

488 604 542 665 De
566 602 698 680 angelis
721 604 765 665 ab
789 604 970 665 Abraham
995 603 1179 681 susceptis.

325 744 368 813 In,
393 746 498 827 pn'ma
529 745 648 826 legitur
678 743 802 809 fronte:
833 747 900 812 duo
931 747 1042 809 eximii
1073 745 1221 827 hospites
1257 744 1448 825 angelorum

218 854 319 917 immo
350 854 451 935 ipsius
481 852 616 917 Domini
648 862 858 937 susceptores
890 862 989 936 atque
1021 855 1181 917 conuiuae
1212 852 1384 915 Abraham
1415 862 1449 916 et

218 960 306 1025 Loth
345 961 548 1043 procedant,
584 982 623 1024 ac
662 961 837 1043 magnifica
875 963 1005 1026 diuinae
1036 962 1255 1043 susceptionis
1294 960 1449 1041 exempla
1475 983 1486 1018 s

217 1067 412 1151 praeferant,
436 1070 578 1150 mystica
594 1071 819 1133 conuiuiorum
844 1090 979 1133 suorum
1003 1071 1164 1133 adornent
1187 1067 1309 1132 fercula
1331 1068 1450 1148 singuli

217 1196 279 1258 pro
310 1196 389 1239 suae
413 1176 640 1258 possibilitatis
664 1197 826 1241 mensura.
858 1186 890 1240 et
915 1180 1005 1260 prior
1033 1178 1166 1259 quidem
1189 1176 1361 1238 Abraham
1386 1185 1450 1237 stu-

217 1284 327 1365 penda
350 1283 446 1347 nobis
470 1284 625 1347 uirtutum
649 1285 788 1366 insignia
812 1284 945 1358 reuelet,
968 1293 1045 1366 post
1068 1285 1168 1347 etiam
1184 1283 1273 1346 Loth
1290 1292 1449 1363 quantum

217 1390 293 1455 fidei
317 1390 368 1453 uel
389 1391 575 1455 deuotionis
599 1390 750 1455 habuerit
773 1392 923 1455 insinuet.
946 1391 1101 1473 apparuit
1114 1390 1276 1453 Dominus
1290 1389 1450 1453 Abrahae

217 1499 251 1561 in
286 1497 432 1561 conualle
461 1497 632 1561 Mambrae
665 1498 789 1561 sedenti
821 1500 857 1561 in
890 1500 969 1562 ostr'o
1005 1498 1206 1561 tabernaculi
1232 1498 1287 1561 sui
1315 1498 1349 1559 in
1380 1499 1487 1579 apso¹0

208 1607 341 1686 fimare
356 1604 428 1667 diei.
453 1627 585 1687 ausuque
600 1604 739 1669 leuasset
758 1606 873 1679 oculos,
896 1616 1117 1689 appar-tonent
1137 1607 1169 1668 ei
1190 1616 1252 1668 tres
1276 1606 1344 1667 uiri
1362 1614 1448 1667 stan·

216 1723 262 1775 tes
285 1724 386 1794 prope
407 1734 486 1775 eum.
518 1721 608 1775 recte
632 1714 761 1796 inipso
785 1712 914 1777 feruore
938 1715 1011 1789 diei,
1035 1715 1067 1777 id
1092 1722 1142 1776 est
1166 1714 1347 1777 meridiano
1370 1722 1449 1775 tem·

216 1840 308 1902 pore,
331 1819 494 1883 Dominus
510 1820 660 1883 dilectori
683 1842 744 1884 suo
769 1824 961 1904 apparuisse
984 1823 1111 1898 dicitur,
1135 1842 1202 1903 quo
1225 1819 1394 1901 etJoseph
1416 1821 1450 1881 in

216 1938 301 2009 typo
318 1926 438 1991 Christi
462 1948 536 1990 cum
560 1926 712 1992 fratribus
737 1930 924 2005 inebriatur,
947 1938 981 1991 et
1005 1931 1048 1993 de
1071 1950 1138 2011 quo
1154 1948 1279 2011 sponsa
1294 1927 1449 1991 dilectum

215 2044 430 2119 percontatur
460 2036 590 2098 dicens:
622 2036 733 2099 andrea
763 2036 863 2110 milti,
894 2058 986 2118 quem
1009 2037 1122 2120 dr'legit
1142 2036 1255 2099 anema
1279 2056 1366 2107 ruea,
1396 2036 1487 2102 ubi1s

209 2156 339 2224 pascas,
364 2143 418 2205 ubi
440 2142 531 2205 cubes
553 2144 588 2205 iu
612 2143 771 2206 meridie?

322 2250 437 2313 Nostis
453 2270 515 2313 uos
530 2249 585 2313 filii
610 2252 690 2315 lucis
712 2254 907 2333 mysterium
931 2253 1090 2335 temporis
1114 2251 1217 2326 huius,
1240 2251 1449 2333 quibuscum

216 2357 389 2421 Abraham
413 2357 512 2439 pleno
536 2357 713 2440 splendore
738 2361 885 2423 ueritatis
909 2359 1123 2441 perfectoque
1153 2357 1281 2422 feruore
1305 2358 1449 2421 caritatis

216 2465 442 2548 suscipiendus
474 2474 613 2548 apparet
637 2465 809 2534 Dominus.
844 2468 957 2550 paucis
988 2468 1075 2530 enim
1105 2474 1217 2529 tantae
1241 2465 1446 2529 sublimitatis

215 2575 324 2637 aditus
356 2573 545 2654 indulgetur
575 2573 690 2657 hisque
724 2574 952 2650 solummod0,
983 2576 1137 2656 quicum
1160 2573 1332 2638 Abraham
1359 2572 1483 2634 ostio20
1583 2614 1584 2636 r

215 2680 417 2746 tabernaculi
449 2681 625 2763 peruigiles
656 2702 787 2764 semper
811 2683 967 2757 assidere,
998 2683 1030 2744 id
1061 2691 1113 2744 est
1144 2700 1314 2745 accessum
1338 2680 1446 2742 cordis

214 2789 437 2852 indesinenter
468 2791 689 2871 praemunire,
723 2789 848 2864 solent,
879 2798 915 2852 ut
938 2809 1000 2852 nec
1025 2789 1166 2852 alienum
1189 2789 1365 2851 admittant
1387 2807 1449 2848 nec

216 2896 364 2978 legitimo
388 2898 572 2979 possessori
596 2897 729 2960 introire
753 2897 877 2960 uolenti
901 2917 1028 2959 moram
1052 2895 1181 2959 faciant.
1213 2895 1301 2958 malo
1325 2895 1449 2957 domini

216 3005 265 3066 sui
290 3002 447 3084 Jsboseth
487 3004 622 3066 meridie
653 3025 751 3086 super
782 3012 922 3068 stratum
958 3024 1054 3068 suum
1084 3005 1278 3067 dormientis
1316 3003 1451 3066 ostiaria

216 3134 321 3194 aeque
345 3113 546 3176 obdormiuit
569 3120 603 3175 et
627 3112 669 3174 ad
691 3113 871 3194 perniciem
887 3113 956 3174 eius
971 3111 1123 3175 hostibus
1138 3111 1324 3174 introeundi
1340 3111 1449 3172 locum
1461 3143 1488 3178 25

216 3221 375 3302 praebuit.
408 3240 532 3301 sponsa
555 3240 687 3301 quoque
712 3217 864 3302 pulsante
892 3220 1068 3301 aliquando
1093 3219 1215 3282 dilecto
1239 3239 1279 3281 ac
1302 3219 1449 3280 dicente:

216 3327 309 3408 aperi
330 3325 427 3398 milei,
458 3347 550 3388 soror
570 3347 650 3399 mea,
673 3339 808 3408 sponsa,
841 3347 916 3390 cum
942 3327 1039 3390 nimis
1070 3346 1203 3388 morosa
1233 3325 1450 3388 excusatione

216 3435 360 3515 quietem
384 3455 493 3509 suam,
524 3454 566 3496 ne
590 3454 725 3515 surgere
749 3444 932 3515 cogeretur,
962 3433 1171 3507 defenderet,
1201 3432 1386 3512 exspolraui
1405 3433 1451 3494 in·

176 3527 177 3530 ¹
215 3543 330 3622 quiens
353 3562 403 3604 rue
425 3541 534 3602 tunica
557 3561 636 3614 urea,
660 3541 816 3622 quomado
839 3540 964 3603 z'rtduar
984 3540 1070 3603 aila?
1092 3539 1227 3602 tandem
1250 3559 1362 3600 moras
1377 3539 1450 3602 illas

215 3649 414 3712 detrimento
432 3648 492 3712 sibi
509 3647 606 3710 fuisse
623 3668 868 3729 recognoscens
893 3649 991 3711 anxie
1008 3649 1154 3729 queritur
1168 3647 1215 3709 ita
1231 3646 1449 3727 subiungens:
1461 3677 1487 3712 30

208 3755 375 3837 pessulum
399 3755 475 3816 ostii
496 3755 561 3816 urei
581 3755 696 3836 aperui
717 3753 832 3818 dilecto
855 3776 942 3818 meo:
970 3765 1008 3816 at
1028 3753 1085 3818 ille
1106 3753 1328 3816 declinauerat
1354 3764 1450 3835 atque

214 3863 396 3928 transierat.
428 3861 577 3943 quaestui
604 3861 699 3924 illum
730 3868 765 3926 et
791 3884 855 3924 non
888 3863 1005 3925 inueni.
1036 3863 1127 3944 quod
1158 3883 1200 3924 ne
1231 3861 1292 3923 sibi
1318 3863 1448 3923 eueniat

215 3989 416 4054 praecauens
433 3968 604 4031 Abraham
629 3961 697 4032 tam
722 3971 980 4052 circumspectus
1004 3970 1123 4030 ianitor
1146 3970 1233 4030 ostio
1257 3969 1389 4043 assidet,
1412 3977 1448 4031 ut

213 4086 247 4139 et
272 4077 386 4139 oculos
409 4078 451 4141 ad
476 4077 713 4159 speculandum
737 4077 904 4152 subleuet,
936 4097 975 4138 ac
1006 4077 1033 4138 si
1064 4077 1168 4138 dicat:
1204 4076 1316 4137 leuaui
1342 4075 1450 4136 oculos

214 4207 298 4248 utaos
321 4185 355 4246 in
379 4194 506 4257 treantes,
530 4184 614 4246 riarde
637 4169 742 4246 accuret
763 4185 927 4247 orexilium
952 4183 1043 4246 milri.
1073 4185 1165 4245 nouit
1189 4185 1277 4246 enim
1301 4182 1487 4247 subleuat-ss

324 4340 362 4376 12.
383 4329 449 4377 Gen.
472 4326 510 4389 18,
534 4340 543 4376 1
566 4337 591 4376 et
611 4340 635 4375 2.
654 4354 690 4362 -—
712 4324 751 4376 rb.
772 4327 846 4376 Cant.
870 4340 891 4387 r,
911 4323 936 4374 b.
962 4355 998 4363 -
1017 4322 1148 4375 26.C0nt.
1169 4327 1203 4376 11.
1224 4327 1288 4390 Reg.
1308 4340 1333 4386 4,
1361 4335 1385 4389 5.
1411 4354 1448 4361 -—

215 4429 257 4482 29.
277 4418 350 4466 Cant.
372 4427 394 4480 5,
416 4429 430 4464 2
451 4425 476 4465 et
496 4427 520 4476 3.
540 4444 574 4450 —-
595 4427 636 4476 32·
656 4416 717 4464 ibid.
739 4427 763 4478 5,
783 4412 808 4464 b.
825 4443 864 4456 .—
883 4427 925 4479 35.
946 4416 986 4464 Ps.
1010 4428 1066 4477 120,
1091 4429 1112 4464 1.

1579 2956 1581 3060 l

1578 3088 1580 3169 l
