3167 5025
234 224 312 290 VIII

340 426 473 488 Praeter
488 422 551 488 hoc
566 423 759 507 opusculum
783 427 837 488 uni
861 426 1032 505 eidemque
1050 426 1163 500 codici,
1187 427 1317 507 signato
1334 448 1363 489 n.
1380 430 1462 509 763,

233 532 309 595 inde
333 552 352 593 a
374 531 426 594 fol.
444 533 485 595 68
511 552 614 613 usque
638 533 679 595 ad
704 532 756 595 sol.
773 535 816 609 98
832 534 943 595 insunt
966 553 1133 595 sermones
1156 533 1217 595 llII
1240 542 1273 595 et
1297 534 1462 617 Epistola.

234 638 409 704 Sermones
426 641 511 701 enim
527 639 609 715 illos
627 661 826 722 quamquam
842 642 875 702 in
890 640 997 703 fronte
1006 640 1146 703 Tutonis
1162 661 1283 703 nomen
1298 661 1366 703 non
1377 664 1464 724 prae

234 746 393 810 scierunt
417 756 453 809 ut
475 747 600 829 reliqua
624 747 789 830 opuscula,
821 758 932 810 tamen
955 748 1094 810 Tutonis
1118 748 1227 810 manui
1251 748 1362 810 deberi
1385 750 1463 831 ipse

234 856 327 917 testis
344 863 394 917 est
411 855 522 917 dicens
539 854 599 917 sub
616 856 710 937 primi
726 856 886 917 sermonis
900 856 1007 917 initio:
1027 874 1246 935 »quamquam
1260 856 1359 935 igitur
1373 856 1465 919 inter

234 963 334 1045 ipsius
357 961 475 1025 beatae
499 964 610 1025 matris
620 962 797 1045 praeconia
815 984 895 1044 quae
910 963 977 1024 aiam
987 963 1122 1044 pnilem
1133 984 1154 1024 a
1170 962 1260 1025 nobis
1273 962 1360 1025 edita
1376 974 1462 1037 sunt,

206 1070 333 1131 ·etiam
357 1068 495 1135 filiorum
519 1071 586 1131 eius
619 1069 732 1132 laudes
756 1090 823 1131 non
846 1072 1059 1145 omiserimus
1090 1070 1170 1132 libet
1199 1079 1310 1132 tamen
1333 1072 1463 1134 eisdem

234 1177 343 1240 denuo
367 1178 513 1259 repetitis
537 1176 667 1239 liberius
691 1178 846 1259 occupari
869 1186 902 1239 et
926 1178 1095 1240 iucundius
1119 1177 1304 1240 oblectari«

341 1284 459 1348 Altero
483 1294 593 1347 autem
617 1285 731 1348 codice
755 1306 784 1347 n.
802 1286 868 1364 780
884 1286 1069 1347 continetur
1088 1286 1229 1367 primum
1245 1285 1321 1348 inde
1337 1306 1357 1347 a
1372 1285 1423 1347 fol.
1441 1303 1452 1347 1

236 1393 278 1455 ad
309 1391 361 1454 fol.
386 1408 424 1469 91
460 1392 562 1473 usque
594 1392 735 1455 libellus:
767 1392 819 1455 De
847 1392 1047 1475 susciptenda
1074 1393 1151 1465 Dea,
1182 1414 1281 1475 quem
1313 1394 1460 1455 omnium

234 1502 550 1583 praestantissimum
563 1500 682 1563 deinde
694 1519 797 1583 usque
811 1501 852 1563 ad
865 1500 989 1563 fol.112
1002 1501 1140 1584 excipit:
1151 1500 1265 1563 Passio
1276 1510 1461 1563 sanctorum

235 1617 414 1689 martyrum
440 1606 506 1669 Viti
525 1607 667 1671 Modesti
687 1618 781 1690 atque
809 1607 1010 1672 Crescentem,

342 1716 490 1796 Uterque
521 1724 630 1777 autem
659 1716 768 1777 codex
793 1724 843 1777 est
866 1715 1062 1789 membran,
1092 1714 1216 1778 formae
1247 1723 1352 1777 octau„
1384 1715 1459 1777 min.

235 1824 426 1887 nitidissime
450 1832 605 1885 exaratus
629 1844 712 1887 saec.
737 1823 808 1887 XII.

341 1930 410 1993 Iam
441 1929 491 1995 his
518 1930 615 1993 finem
639 1932 851 2013 impositurus
873 1952 973 1993 unum
997 1939 1125 1993 tantum
1148 1929 1212 1993 hoc
1235 1931 1291 2012 qui
1312 1929 1460 2011 pagellas

236 2042 445 2121 insequentes
476 2038 588 2121 legant
618 2040 761 2101 monitos
792 2060 864 2101 esse
895 2038 1008 2112 uelim,
1039 2058 1092 2101 me
1122 2039 1155 2099 in
1178 2038 1317 2100 Tutonis
1351 2036 1459 2100 uerbis

236 2146 313 2211 nihil
338 2154 481 2209 mutasse
505 2148 565 2209 nisi
589 2146 845 2229 orthographica
868 2146 1031 2227 quaedam
1055 2153 1168 2228 aperte
1191 2143 1298 2206 falsa«

343 2253 516 2319 Praeterea
538 2263 574 2316 ut
598 2252 755 2336 opuscula
778 2252 860 2316 haec
878 2253 1057 2335 legentium
1073 2262 1171 2333 atque
1188 2254 1461 2334 perscrutantium

238 2361 415 2424 commodo
430 2362 619 2423 inseruirem
637 2362 739 2424 adieci
756 2362 788 2423 in
805 2361 895 2423 calce
911 2370 977 2423 tres
992 2361 1130 2423 indices:
1151 2358 1298 2422 locorum
1314 2359 1459 2433 alterum,

239 2469 377 2532 alterum
400 2470 577 2546 nominum,
601 2470 732 2532 tertium
755 2469 930 2533 uerborum
954 2488 1062 2532 rerum
1086 2468 1341 2550 grammaticum.

344 2577 413 2640 Iam
436 2577 500 2641 hoe
523 2598 623 2640 unum
646 2587 774 2641 tantum
797 2586 908 2653 restat,
932 2586 968 2639 ut
991 2577 1108 2638 iterum
1130 2577 1310 2656 iterumque
1330 2573 1457 2635 debitas

238 2687 360 2768 gratias
392 2705 489 2766 agam
519 2686 734 2748 illustrissimo
764 2694 862 2766 atque
893 2685 1085 2746 doctissimo
1114 2683 1184 2745 uiro
1206 2681 1265 2743 Dr.
1289 2680 1459 2743 Francisco

239 2792 352 2872 Pauly,
377 2793 529 2854 directori
553 2812 637 2866 mco,
661 2794 712 2854 cui
735 2791 795 2854 has
819 2790 1073 2872 qualescumque
1096 2789 1279 2852 studiorum
1303 2787 1461 2870 primitias

239 2919 341 2982 usque
370 2899 505 2962 consilio
536 2899 699 2964 indefesso
734 2899 775 2962 ab
810 2901 883 2982 ipso
914 2906 1089 2980 prouectas
1119 2907 1153 2959 et
1182 2904 1352 2980 postremo
1375 2894 1462 2956 haud

240 3009 352 3091 paucis
382 3027 555 3090 operarum
588 3007 750 3070 erroribus
781 3007 934 3070 liberatas
965 3026 1075 3068 sacras
1105 3027 1178 3068 esse
1208 3005 1296 3067 uolui
1304 3026 1312 3082 ;
1344 3003 1462 3066 deinde

240 3115 276 3178 P.
305 3115 440 3179 Odr'lom'
467 3115 678 3178 Rottmanner
706 3114 745 3178 O.
770 3113 801 3178 S.
826 3115 860 3176 B.
892 3112 1111 3177 bibliothecae
1142 3112 1333 3174 Monacensi
1363 3111 1405 3172 ad
1437 3129 1462 3170 s.

240 3223 442 3287 Bonifacium
471 3222 654 3306 praesect0‚
685 3225 740 3305 qui
770 3222 992 3285 liberalissime
1022 3241 1143 3303 operae
1169 3241 1262 3282 meae
1286 3217 1464 3282 saecularia

241 3333 363 3396 ordinis
392 3333 495 3394 nostri
526 3329 626 3394 ΧΙΙΠ.
656 3330 806 3411 quamuis
837 3330 939 3391 serius
971 3327 1259 3391 concelebraturae
1289 3324 1465 3408 (celebrata

242 3441 328 3502 enim
358 3447 433 3501 sunt
456 3459 543 3501 anno
567 3437 743 3521 superiore)
767 3456 945 3518 numquam
969 3436 1085 3513 deluit;
1117 3436 1258 3515 denique
1280 3433 1317 3494 P.
1344 3431 1465 3504 Jacobo
1581 3514 1582 3523 ἵ

252 3547 399 3610 lfViclmer
420 3544 638 3609 bibliothecae
662 3545 886 3608 Admontensi
907 3542 1085 3627 praefecto,
1109 3542 1163 3622 qui
1180 3540 1329 3602 codicem
1346 3546 1465 3599 utrum·

243 3676 306 3740 que
330 3652 486 3738 quamdiu
510 3673 593 3736 opus
617 3651 701 3715 foret
728 3660 862 3735 praesto
885 3649 964 3714 mihi
987 3669 1059 3714 esse
1081 3646 1200 3730 insigni
1222 3665 1288 3726 qua
1311 3651 1362 3705 est
1385 3663 1465 3725 erga

242 3785 296 3830 me
318 3760 540 3828 beniuolentia
562 3761 644 3823 siuit.

349 3958 539 4025 Scribebam
552 3956 680 4022 Graecii
691 3955 851 4020 Kalendis
861 3951 1103 4020 Nouembribus
1115 3973 1142 4016 a.
1156 3947 1465 4015 MDCCCLXXXI.

1233 4220 1295 4278 W.
1320 4217 1360 4276 R.
