3167 5025
720 801 1038 902 TVTONIS

267 1021 1495 1118 ulnnuululuutnlluluuullhnnnsnsslu

699 1411 1040 1487 ¹puonoovs

373 1582 594 1686 Venerando
610 1633 644 1685 et
668 1624 812 1687 amando
836 1625 947 1686 abbati
964 1623 1151 1708 Gumperto
1168 1634 1201 1687 et
1218 1626 1363 1687 unanimi
1386 1626 1494 1687 dome-

267 1731 424 1792 sticorum
459 1737 594 1792 sanctae
625 1730 805 1794 Felicitatis
837 1730 978 1813 collegio
1009 1732 1114 1807 Tuto,
1152 1731 1283 1794 ultimus
1315 1752 1517 1814 pauperinus

268 1835 397 1913 Christi,
421 1858 466 1900 ex
488 1839 748 1919 congregatione
771 1838 990 1902 Tharisiensis
1015 1841 1173 1902 coenobii.

374 1943 457 2006 Cum
496 1954 573 2008 ante
611 1964 716 2008 annos
756 1946 882 2027 aliquot
915 1946 1106 2010 familiarem
1145 1950 1327 2011 sanctitatis
1367 1957 1488 2010 uestrae

266 2053 417 2116 notitiam
440 2050 619 2127 habuerim,
643 2055 787 2115 maxime
813 2063 933 2128 tamen,
957 2075 1000 2116 ex
1024 2063 1157 2135 quote,
1181 2064 1276 2137 pater
1299 2055 1485 2124 uenerande,

267 2170 335 2224 tam
358 2180 457 2222 sensu
478 2181 579 2241 quam
595 2162 703 2244 capite
720 2181 838 2224 canum
855 2182 953 2224 nosse
971 2164 1076 2244 coepi,
1100 2171 1191 2224 tanta
1208 2163 1301 2226 uobis
1318 2163 1488 2224 deuotione

267 2268 464 2330 constrictus
486 2289 575 2343 sum,
607 2277 642 2330 ut
666 2269 731 2330 iam
755 2269 896 2344 dudum,
928 2271 955 2331 si
978 2271 1176 2350 potuissem,
1201 2271 1363 2332 sincerum
1388 2269 1513 2332 cordisn

218 2404 221 2410 ¹
266 2376 331 2436 mei
349 2374 504 2437 aflectum
520 2374 630 2456 aliquo
646 2377 812 2438 seruitutis
829 2376 946 2439 effectu
962 2376 1190 2438 declarassem.
1215 2376 1370 2440 uoluntas
1387 2385 1488 2438 autem

266 2483 329 2545 Dei
362 2480 437 2558 suit,
469 2491 505 2545 ut
535 2485 577 2546 ad
609 2482 703 2546 huius
734 2485 804 2549 uoti
835 2486 1119 2567 opportunitatem
1151 2484 1285 2548 tandem
1317 2483 1489 2566 aliquando

266 2590 345 2653 mihi
367 2600 563 2666 occurreret,
587 2592 677 2672 quod
702 2592 863 2655 uolebam.
895 2612 956 2655 nec
980 2593 1172 2666 mirandum,
1196 2594 1313 2654 sinon
1337 2600 1409 2655 tam
1433 2594 1488 2656 cito

266 2699 547 2780 quemadmodum
566 2699 689 2780 Jacob,
717 2701 769 2761 cui
790 2720 858 2763 non
882 2702 915 2763 in
939 2700 1116 2763 reconditis
1139 2698 1279 2761 ferarum
1303 2698 1415 2762 lustris
1440 2698 1487 2761 sed

266 2809 298 2869 in
329 2813 427 2889 pastu
457 2808 620 2869 mansueti
651 2808 778 2889 gregiS,
818 2816 934 2889 utpote
974 2807 1159 2870 domestico
1198 2808 1364 2882 uenatori,
1406 2809 1509 2869 cirinus
1561 2848 1562 2871 1

180 2961 182 2964 -
266 2935 439 2977 occurrere
455 2916 572 2997 potuit,
596 2915 686 2995 quod
710 2913 853 2977 uolebat.
877 2936 921 2976 ex
945 2916 1134 2978 domesticis
1159 2917 1281 2997 quippe
1302 2916 1484 2977 animalibus

267 3023 342 3085 Deo
365 3024 417 3085 uel
441 3024 596 3106 proximo
620 3022 833 3085 delectabiles
857 3023 953 3085 offert
978 3023 1078 3099 cibos
1103 3024 1215 3104 quide
1233 3024 1322 3085 bono
1340 3021 1479 3085 thesauro

266 3132 376 3194 cordis
398 3133 448 3194 sui
471 3130 597 3214 profert
619 3131 753 3207 bonum,
777 3140 811 3193 et
835 3132 943 3193 dicere
968 3139 1080 3213 potest
1101 3151 1175 3193 cum
1192 3128 1372 3213 propheta:
1400 3132 1477 3193 iuml

265 3239 470 3312 sunt-Deus,
492 3249 567 3300 uota
590 3249 655 3311 tua,
678 3260 761 3320 quoe
782 3238 929 3310 reddum,
951 3238 1154 3301 laudatzbnes
1169 3237 1234 3300 tibi.
1259 3238 1418 3319 quocirca
1439 3236 1484 3307 his,

267 3348 323 3428 qui
358 3329 399 3408 ad
436 3346 625 3429 exemplum
657 3347 746 3408 Esau
781 3346 869 3408 circa
902 3345 1048 3407 inutilem
1079 3346 1283 3409 transitoriae
1314 3344 1509 3427 uoluptatisn

267 3461 438 3535 capturam
458 3463 670 3536 occupantur,
693 3454 804 3515 diuina
820 3472 903 3515 voce
927 3453 1059 3514 dicitur:
1083 3452 1189 3523 redite,
1206 3452 1489 3533 praeuan'catorcs,

266 3561 316 3623 ad
335 3581 397 3621 cor.
419 3569 471 3623 est
495 3565 605 3623 autem
628 3560 812 3622 uenationis
835 3580 929 3621 meae
952 3559 1295 3635 huiusmodioccasiO,
1320 3580 1405 3639 quae
1422 3580 1489 3622 sese

268 3668 411 3749 cupienti
434 3666 553 3729 obtulit
576 3667 694 3729 animo
722 3668 866 3747 cognoui
889 3675 1037 3729 sanctam
1069 3668 1254 3729 deuotionis
1286 3675 1416 3729 uestrae
1448 3689 1490 3729 se-

271 3773 453 3850 dulitatem,
478 3795 545 3854 qua
568 3775 661 3836 iuxta
676 3790 803 3836 morem
826 3774 986 3855 praedicti
997 3774 1100 3854 Jacob
1123 3774 1312 3855 simpliciter
1335 3774 1368 3835 in
1392 3774 1491 3838 taber·

267 3881 391 3946 naculis
422 3882 579 3943 uirtutum
602 3880 788 3969 habitantes
812 3880 1000 3943 Rebeccam
1033 3880 1185 3943 excolitis
1215 3890 1371 3955 matrem,
1402 3884 1513 3945 cuiusu

268 3988 431 4050 adiutorio
462 3989 581 4049 summi
612 3989 714 4070 patris
745 3990 992 4069 consequamini
1021 3987 1293 4050 benedictionem.
1325 4010 1411 4070 quae
1440 4001 1488 4053 est

268 4104 378 4159 autem
402 4105 506 4158 mater
529 4097 593 4158 ista
615 4095 790 4158 Rebecca?

373 4203 534 4265 Nimirum
573 4201 672 4264 beata
705 4200 866 4284 Felicitas
906 4202 1060 4263 Rebecca
1098 4202 1220 4285 quippe
1258 4204 1487 4285 interpretatur

267 4311 434 4393 patientia.
457 4311 509 4373 cui
532 4329 612 4373 uero
635 4329 757 4373 nomen
780 4308 844 4372 hoc
868 4310 987 4372 rectius
1011 4309 1179 4389 congruit,
1206 4330 1304 4390 quam
1329 4312 1376 4385 ei,
1407 4333 1484 4393 quae

377 4449 415 4505 16.
436 4452 510 4505 Conl.
530 4453 595 4504 Gen.
617 4463 658 4516 27.
678 4480 714 4488 -
736 4465 775 4517 19.
796 4453 836 4501 Ps.
857 4462 898 4515 55,
922 4463 960 4500 12.
980 4480 1015 4487 -
1035 4465 1075 4501 22.
1095 4452 1130 4517 Js.
1150 4449 1193 4514 46,
1213 4451 1237 4501 8.
