3167 5025
260 251 324 304 120
1568 290 1571 335 Ι

258 453 326 498 non
348 441 477 498 tantum
500 434 623 516 septies
646 434 705 498 sed
729 441 763 498 et
785 435 895 498 octies
905 434 1199 518 percussa,'occidi
1214 433 1321 516 potuit
1337 431 1504 516 superari
1569 392 1572 425 1

186 621 189 627 ¹
256 563 325 607 non
354 542 470 626 potuit
507 541 563 605 illa
593 542 768 606 materialis
800 543 900 625 gladii
930 553 1059 626 septem
1090 541 1223 626 pertulit
1253 542 1355 616 ictuS,
1390 539 1504 602 huius

257 651 400 714 animam
430 649 572 713 totidem
601 650 727 714 uicibus
756 650 925 714 inuisibilis
955 649 1163 733 pertransiuit
1194 649 1345 739 gladius,
1371 646 1501 728 sicque

257 765 378 820 octaua
399 759 610 840 percussione
633 757 708 822 ierri
731 759 911 822 sauciatum
937 759 1081 821 concidit
1103 777 1232 840 corpus
1255 755 1311 820 illa
1324 755 1500 818 hebetato

256 864 411 928 diuinitus
435 883 591 928 mucrone
615 864 767 928 absoluta
789 867 833 928 ad
856 867 958 929 uitam
980 872 1189 948 praesentem
1213 865 1364 928 differtur
1388 873 1429 926 et
1458 862 1505 924 ab
1525 881 1533 917 s
1579 861 1581 912 l

256 972 455 1054 imperatore
479 972 621 1036 libertati
644 974 800 1050 redditur,
822 972 905 1037 haec
929 975 1096 1038 saeuiente
1120 973 1162 1036 ad
1186 981 1395 1036 momentum
1421 979 1505 1033 tam

257 1079 374 1142 uisibili
397 1077 587 1155 machaera,
610 1080 652 1142 de
674 1080 888 1144 tabernaculo
912 1082 1061 1165 corporis
1085 1079 1258 1162 emigrans,
1285 1079 1360 1161 regi
1384 1079 1504 1142 caelo

257 1206 328 1248 rum
352 1186 546 1250 coronanda
567 1196 805 1270 praesentatur.

363 1293 490 1357 Omnes
512 1294 620 1376 igitur,
643 1304 711 1358 tam
736 1296 880 1378 uirgines
903 1313 1002 1378 quam
1025 1295 1152 1370 uiduae,
1175 1303 1313 1358 sanctae
1330 1294 1501 1374 martyris

256 1398 351 1463 huius
375 1402 476 1464 uitam
499 1402 645 1465 inclitam
667 1424 707 1466 ac
730 1412 872 1466 mortem
903 1405 1082 1486 pretiosam
1106 1402 1195 1466 uelut
1223 1403 1396 1484 geminum
1422 1420 1537 1484 spe«1⁰

257 1509 367 1572 culum
390 1508 492 1572 oculis
514 1509 724 1573 interioribus
746 1510 920 1594 applicate,
943 1532 985 1574 an
1008 1511 1092 1574 forte
1113 1510 1220 1592 aliqua
1236 1511 1269 1572 in
1285 1517 1386 1592 parte
1403 1509 1493 1571 illam

257 1617 445 1680 inueneritis
469 1617 684 1680 considerate.
708 1618 873 1681 mulierem
890 1618 976 1682 enim
989 1619 1111 1699 sortem
1127 1616 1199 1700 quis
1215 1617 1383 1679 inueniet?
1408 1635 1486 1698 quac

258 1733 404 1787 uestrum
428 1725 557 1787 animae
580 1745 660 1787 suae
682 1726 828 1808 speciem
851 1726 920 1789 eius
943 1725 1125 1788 imitatione
1156 1724 1303 1787 limatam
1323 1743 1485 1805 recogno

257 1842 344 1908 scet,
375 1842 411 1896 ut
441 1831 505 1895 hoc
537 1834 639 1894 modo
663 1851 735 1894 sese
759 1833 847 1896 illam
875 1832 1038 1895 inuenisse
1062 1831 1226 1914 gaudeat?
1256 1851 1493 1922 quaecumque

257 1941 332 2002 talis
362 1938 474 2015 fuerit,
503 1939 640 2023 confidit
667 1940 702 2003 in
732 1961 770 2002 ea
801 1961 856 2003 cor
885 1940 953 2002 uiri
973 1940 1040 2012 sui,
1071 1941 1113 2002 de
1137 1959 1204 2021 quo
1227 1938 1404 2022 apostolus
1430 1940 1531 2000 attus

256 2047 414 2129 despondi
434 2069 493 2110 uus
514 2048 575 2110 uni
595 2048 667 2110 uiro
685 2047 844 2130 uirginem
860 2048 985 2110 castum
1000 2047 1147 2110 exhibere
1167 2046 1302 2110 clamito.
1328 2048 1498 2128 adquam

257 2155 491 2218 confidentiam
530 2156 785 2238 promerendam
824 2157 1012 2219 cautissima
1048 2155 1145 2218 nobis
1192 2155 1498 2237 circumspectione

257 2283 343 2345 opus
373 2271 440 2338 est,
471 2283 513 2325 ne
542 2264 571 2326 si
602 2263 634 2325 in
661 2263 770 2345 aliquo
794 2273 886 2326 motu
910 2264 1013 2326 uerbo
1037 2262 1088 2326 uel
1112 2271 1187 2326 actu
1211 2263 1367 2325 sinistrae
1391 2265 1497 2346 suspi-

256 2369 343 2432 cioni
373 2369 483 2431 locum
514 2369 686 2445 dederitis,
718 2371 801 2433 tanti
832 2371 891 2432 uiri
915 2371 1074 2433 offensam
1098 2371 1278 2432 incurratis.
1310 2372 1493 2454 praecipue
1580 2397 1581 2487 p

257 2493 318 2539 uos
342 2495 427 2559 quae
449 2477 592 2541 iuniores
616 2479 703 2555 estis,
726 2478 846 2562 quibus
870 2479 1003 2561 grandis
1027 2487 1151 2543 restare
1175 2477 1306 2541 uidetur
1329 2480 1396 2555 uia,
1431 2479 1519 2561 qui-20

257 2586 319 2649 bus
340 2585 474 2667 pondus
497 2585 561 2648 diei
584 2596 618 2649 et
640 2597 752 2650 aestus
774 2588 930 2663 imminet,
953 2588 1103 2664 iuniores,
1134 2586 1276 2669 inquam,
1300 2587 1432 2649 delicta
1452 2588 1486 2648 iu

257 2694 402 2755 uentutis
426 2694 648 2775 expauescite,
671 2694 790 2757 beatae
810 2694 989 2757 Felicitatis
1011 2695 1292 2777 perseuerantiam
1317 2696 1491 2765 attendite,

257 2811 342 2882 quae
376 2799 496 2881 longos
530 2800 618 2862 uitae
648 2820 727 2863 suae
758 2800 889 2867 labores
920 2803 1068 2883 martyrii
1100 2801 1205 2883 gloria
1236 2802 1492 2864 consummavit.
1579 2886 1580 2889 Ἴ

257 2906 386 2971 habetis
410 2907 510 2969 etiam
532 2908 567 2969 in
589 2908 754 2989 praesenti
778 2917 917 2971 matrem
934 2907 1165 2984 uenerandum,
1188 2907 1352 2971 diuturnis
1371 2906 1492 2971 occulti
1579 2916 1580 2977 ὲ

257 3014 406 3095 martyrii
427 3013 600 3094 agonibus
631 3016 863 3091 exercitatam,
897 3034 981 3096 quae
1013 3015 1055 3077 ad
1086 3014 1302 3077 imitationem
1340 3016 1521 3079 eiusdemu

256 3123 370 3184 matris
400 3122 613 3203 semetipsam
636 3122 837 3201 fortitudine
866 3122 1011 3185 accz'rrxr't
1039 3132 1069 3183 et
1097 3122 1291 3187 Chananaeo
1323 3124 1490 3207 cingulum
1578 3138 1579 3207 l

256 3229 410 3302 tradrilr't,
442 3230 475 3291 id
499 3239 551 3291 est
572 3250 594 3291 a
615 3230 736 3291 saeculi
760 3232 906 3292 uanitate
929 3231 1097 3291 conuersis
1121 3230 1298 3313 pudicitiae
1323 3250 1365 3293 ac
1390 3234 1488 3294 totius
1578 3222 1579 3239 ¹

257 3336 447 3418 disciplinae
478 3335 635 3418 exempla
665 3335 824 3419 praebuit.
857 3338 907 3399 cui
939 3346 1107 3418 praestare
1135 3338 1290 3419 dignetur
1314 3338 1483 3409 Dominus,

256 3452 294 3505 ut
323 3442 474 3525 peruigili
504 3437 877 3526 semper‘sollicitudine
900 3444 1031 3505 semitas
1054 3444 1167 3507 domus
1188 3466 1266 3509 suae
1290 3444 1477 3515 consideret,

257 3570 399 3631 cumque
422 3550 635 3612 ministerium
659 3552 721 3613 sibi
737 3551 898 3614 creditum
914 3551 1139 3635 compleuerit,
1163 3553 1259 3615 detur
1274 3554 1307 3613 ei
1319 3553 1362 3615 de
1374 3556 1481 3635 fructu
1492 3578 1516 3614 30
1577 3620 1578 3633 2

256 3677 412 3719 manuum
442 3678 576 3719 suarum
598 3668 629 3720 et
650 3658 784 3720 laudent
812 3678 884 3720 eam
908 3659 1064 3741 inperiis
1094 3670 1190 3741 opera
1221 3660 1297 3723 ezirs.
1330 3670 1488 3743 suscepto
1577 3640 1578 3645 ἵ

257 3766 369 3845 itaque
392 3760 456 3826 hoc
480 3764 597 3827 beatae
620 3763 800 3827 Felicitatis
824 3764 947 3845 sigillo,
980 3766 1161 3828 iucundiori
1184 3765 1345 3849 deinceps
1368 3768 1489 3831 affectu

258 3891 297 3934 ac
321 3873 515 3954 promptiori
538 3872 695 3936 famulatu
718 3880 858 3934 matrem
882 3890 955 3933 cum
972 3870 1044 3934 filiis
1061 3872 1212 3948 excolite,
1237 3875 1352 3956 sicque
1369 3874 1490 3938 sacrati

257 3977 351 4041 huius
387 3981 545 4043 octonarii
580 3994 645 4064 ope
680 3978 911 4043 detestabilem
945 3977 1034 4041 illum
1069 3979 1297 4063 principalium
1333 3980 1490 4045 uitiorum

257 4088 463 4149 octonarium
486 4108 680 4171 expugnare
702 4086 849 4148 nitimini.
879 4085 988 4167 primo
1012 4088 1291 4169 gastrimargiam,
1320 4089 1414 4170 quod
1439 4098 1491 4150 est
1501 4115 1525 4153 rs

257 4194 379 4255 uentris
403 4194 585 4277 ingluuies,
616 4194 839 4257 continentiae
871 4210 949 4252 suae
980 4192 1135 4275 exemplo
1168 4204 1274 4257 mater
1297 4207 1416 4259 sancta
1444 4218 1491 4260 re·

367 4347 406 4385 12.
426 4303 506 4385 Pron:
521 4347 562 4397 31,
586 4347 625 4383 10.
645 4363 680 4371 —
701 4336 741 4397 ¹5·
761 4330 822 4381 ibid.
843 4340 885 4393 31,
907 4342 947 4379 11.
968 4357 1003 4367 —-
1025 4328 1063 4381 16.
1083 4330 1116 4383 ΙΙ.
1132 4334 1190 4385 Cor.
1208 4317 1246 4398 η’,
1262 4350 1285 4386 2.
1300 4364 1336 4373 -
1351 4348 1393 4401 27.
1409 4338 1487 4389 Prou.
1568 4351 1573 4366 ·

258 4433 300 4486 31,
324 4433 353 4484 17
373 4433 398 4473 et
418 4437 459 4486 24.
479 4452 514 4460 -
534 4436 575 4485 31·
595 4424 670 4469 Prou.
692 4433 734 4483 31,
755 4431 787 4481 27
809 4428 833 4467 et
853 4433 895 4481 3¹·
