3167 5025
1273 227 1313 301 39

81 412 187 480 etiam
205 412 285 480 'non
317 412 448 481 modica
477 412 660 481 inno'centis
692 412 819 481 animae
846 412 1046 492 aedificatiO,
1076 426 1239 499 concepta
1270 439 1313 479 ex

80 526 129 587 his
150 522 291 589 'diuinae
316 527 532 589 miserationis
556 527 776 609 consideratio
809 535 841 586 et
875 526 1065 587 iudiciorum
1091 525 1152 587 Dei
1176 525 1314 587 sollicita

79 630 283 697 recordatio.

467 790 801 858 .CAPITVLVM
829 792 909 857 XX.

63 947 73 982 s
147 922 232 1012 Quo
257 896 425 999 apparatu
449 922 492 1011 ad
516 920 763 982 celebrandum
787 922 924 981 Pascha
947 920 1077 1007 suscipi
1100 920 1247 981 uoluerit

613 1029 798 1090 Dominus,

87 1205 89 1210 .
185 1170 415 1253 Quamquam,
446 1168 562 1232 fratres
594 1170 759 1245 carissimi,
782 1170 968 1232 maioribus
999 1190 1059 1231 uos
1091 1171 1235 1232 intentos
1272 1170 1314 1231 ad

88 1280 250 1341 audienda
282 1276 363 1341 haec
394 1277 622 1360 qualicumque
654 1279 825 1361 paruitatis
847 1298 941 1340 meae
965 1286 1085 1340 conatu
1110 1279 1239 1359 prolata
1263 1276 1315 1340 ali·

61 1404 64 1413 ’
89 1386 242 1467 quamdiu
259 1382 462 1463 detinuerim,
486 1386 626 1449 obsecro
650 1395 761 1449 tamen
777 1395 814 1447 ut
829 1381 1016 1447 sustineatis
1033 1385 1140 1448 adhuc
1155 1385 1316 1448 atadicam

60 1494 159 1575 10quid
177 1494 389 1575 insipientiae
402 1514 496 1556 aneae.
521 1496 593 1575 quis
610 1495 695 1556 enim
719 1493 879 1556 infinitum
903 1493 993 1555 illum
1016 1494 1172 1555 decorem
1196 1493 1315 1555 domus

85 1602 157 1678 Dei,
194 1604 300 1684 quem
331 1623 367 1664 se
398 1600 568 1685 psalmista
599 1602 734 1683 diligere
766 1611 923 1677 testatur,
958 1599 1133 1663 humanae.
1150 1596 1315 1662 tarditatis

85 1710 215 1792 ingenio
241 1708 585 1791 eotenus'attingere',
608 1710 665 1783 ,uel
689 1712 850 1773 sermonis
874 1708 983 1772 officio
1007 1708 1175 1792 explicare
1198 1708 1315 1782 ualeat,

85 1828 116 1880 ut
146 1827 278 1901 quanto
309 1819 488 1879 munditiae
512 1838 551 1881 ac
570 1819 777 1881 reuerentiae
806 1815 960 1892 occursu,
991 1816 1122 1897 quantis
1150 1816 1315 1878 bonorum

86 1929 229 1989 omnium
253 1922 458 2009 impendiisj
491 1928 522 1987 in
554 1923 686 2008 templo
712 1946 772 1987 suo
810 1925 1036 2008 suscipiendus
1058 1925 1113 1985 -sit
1144 1923 1314 1996 Dominus,

58 2034 283 2098 1ssuliicienter
306 2032 481 2097 ostendat?
505 2034 645 2116 proinde
669 2035 759 2115 quod
775 2036 808 2094 in
824 2033 887 2096 hac
911 2042 1007 2115 parte
1030 2033 1205 2113 quicquam
1230 2028 1315 2092 ultra'

90 2140 194 2205 uirium
217 2141 378 2204 [mearum
392 2137 394 2143 ’
410 2162 596 2204 mensuram
629 2134 869 2223 adtemptando
904 2139 1023 2202 iactus·
1042 2158 1114 2200 sum
1150 2134 1314 2220 insipiens

95 2251 249 2312 mediante
275 2259 308 2311 et
332 2251 509 2331 instigante
533 2251 677 2312 caritatis
702 2248 821 2311 affectu
846 2268 906 2311 uos
930 2254 983 2309 me
998 2245 1170 2328 'coegistis
1201 2253 1314 2307 uerum

99 2357 161 2435 quia
186 2354 276 2441 tardi
309 2358 443 2420 uiatoris
475 2376 566 2419 more
598 2357 672 2419 licet
696 2356 854 2419 breuioris
878 2358 950 2417 uiae
974 2356 1082 2437 spatio
1107 2353 1314 2434 defatigatus,

68 2486 70 2491 ’
97 2482 112 2524 a
137 2462 307 2550 proposita
337 2465 501 2529 scribendi
532 2467 713 2530 intentione
745 2464 834 2530 uelut
865 2464 908 2528 ab
936 2465 1050 2527 itinere
1074 2462 1236 2545 quodam,
1267 2481 1314 2523 re-

67 2597 88 2622 ²0
96 2575 242 2651 pausandi
267 2575 375 2656 gratia
398 2577 462 2637 iam
485 2576 550 2636 iam
575 2573 737 2638 diuerterc
762 2575 924 2649 desidem,
943 2569 1178 2643 ,circumductis
1200 2569 1314 2650 usque·

101 2698 211 2762 quaque
243 2679 349 2745 oculis
381 2691 604 2765 opportunum
635 2699 702 2744 non
734 2690 803 2744 tam
835 2679 1002 2762 corporali⁴
1029 2698 1129 2761 quam
1155 2676 1313 2759 spirituali

91 2785 207 2867 ,requiei
226 2791 338 2852 locum
362 2788 500 2852 sollicite
524 2787 656 2871 quaero.
681 2798 715 2852 et
731 2809 810 2852 ecce
825 2788 1002 2850 iucundum
1018 2787 1097 2848 satis
1114 2785 1313 2848 desideranti

103 2892 169 2956 mihi
201 2897 338 2961 occurrit
373 2897 605 2974 diuersorium,
640 2897 738 2959 uideo
773 2895 882 2958 locum
918 2895 960 2957 ab
992 2895 1065 2977 ipso
1096 2893 1242 2955 Domino
1272 2913 1313 2953 ac

96 3001 246 3068 saluatore
270 3011 388 3066 nostro
413 3003 455 3065 ad
480 3004 610 3085 agenda
633 3002 798 3085 paschalis
825 3003 974 3084 mysterii
997 3000 1168 3064 sollemnia
1191 3000 1313 3081 specia-

62 3131 82 3165 25
91 3105 155 3171 liter
175 3109 374 3194 expetitum.
406 3111 504 3173 audio
528 3112 650 3193 quippe
675 3130 750 3172 eum
774 3107 935 3172 referente
959 3109 1068 3184 Luca,
1099 3107 1229 3169 duobus
1252 3107 1314 3167 dis·

89 3217 193 3298 cipulis
228 3219 329 3280 Petro
360 3226 393 3279 et
413 3218 531 3298 Joanni
562 3218 656 3281 huius
689 3219 857 3280 ministerii
888 3219 1058 3298 negotium
1089 3216 1313 3295 iniungentem

88 3342 120 3384 ac
142 3327 327 3389 dicentem:
359 3336 465 3388 euntes
481 3336 601 3407 parate
624 3325 713 3387 nabis
736 3323 882 3396 Pascha,
913 3334 949 3385 at
970 3321 1206 3386 manducemus.
1230 3321 1315 3382 sicut

86 3427 145 3507 hic,
185 3433 235 3495 ita
267 3429 301 3494 et
332 3434 480 3515 superius
512 3434 554 3495 ad
586 3434 710 3495 asinam
742 3431 936 3494 soluendam
966 3439 1001 3492 et
1035 3427 1214 3492 ministerio
1246 3429 1314 3490 eius

85 3538 324 3616 exhibendam,
355 3540 423 3602 duo
455 3539 604 3622 discipuli
636 3541 824 3617 mittuntur,
857 3547 890 3600 et
913 3537 989 3600 alibi
1013 3538 1224 3619 septuaginta
1247 3536 1314 3598 duo

61 3646 257 3732 indesignati,
282 3665 322 3709 ac
344 3648 412 3710 bini
436 3657 521 3737 ante,
534 3646 653 3710 'faciem
678 3648 747 3709 eius
763 3648 796 3708 in
813 3665 945 3708 omnem
963 3646 1130 3708 ciuitatem
1146 3652 1180 3705 et
1197 3643 1314 3717 locum,

85 3775 144 3836 quo
161 3753 324 3838 e'ratipse
341 3757 506 3832 uenturus,
531 3756 704 3838 praemissi
721 3753 911 3816 referuntur.
929 3754 1026 3834 quod
1043 3752 1166 3815 idcirco
1179 3751 1315 3834 'pietatis

84 3861 205 3926 auctor'
228 3861 297 3924 fieri
319 3862 508 3946 disposuit,
543 3870 578 3925 ut
610 3862 800 3944 impleretur
831 3860 921 3942 quod
957 3861 1036 3942 ipsis
1068 3859 1230 3921 aduentus
1266 3858 1315 3920 sui

84 3969 351 4050 praecursoribus
373 3971 521 4052 polliceri
545 3971 700 4052 dignatus
724 3978 774 4030 est
799 3968 928 4031 dicens:
959 3967 1017 4050 qai
1038 3985 1094 4029 aas
1117 3967 1242 4048 recipit,
1266 3986 1316 4026 me

85 4079 207 4161 recepit,
239 4087 272 4140 et
296 4075 402 4141 alibiz‘
419 4079 477 4160 qai
497 4077 669 4160 susceperit
690 4097 789 4139 namn
807 4074 987 4158 patruelem
1010 4074 1109 4137 talem
1132 4075 1166 4137 ia
1189 4070 1315 4135 nomiae

57 4205 157 4260 ramea,
180 4181 231 4249 ine
254 4185 396 4270 suscipit.
447 4183 452 4191 ’

194 4341 232 4378 10.
260 4329 293 4378 Il.
314 4327 372 4377 Cor.
391 4311 435 4387 ¹11,
466 4295 486 4376 ι’.
507 4355 541 4364 -
562 4337 603 4390 27.
625 4327 685 4375 Luc.
708 4339 749 4389 22,
772 4325 796 4374 8.
823 4352 857 4360 -
882 4325 1006 4386 31.1,uc.
1030 4337 1068 4385 ro,
1093 4335 1113 4373 1.
1133 4349 1168 4359 κ-
1188 4333 1229 4383 34.
1251 4320 1314 4370 Mat

92 4427 127 4476 10,
147 4433 188 4478 40.
207 4443 244 4455 -
263 4430 305 4482 35.
329 4419 391 4468 Mat.
415 4417 453 4466 18,
476 4429 500 4481 5.
