3167 5025
1262 276 1305 336 19

57 469 154 518 tenue
178 476 262 527 eum,
288 476 342 517 uec
365 456 537 527 dimittam,
561 456 657 519 doeiec
679 457 880 519 introducam
905 478 976 518 eum
992 457 1025 518 iu
1041 455 1170 517 domum
1191 457 1306 518 enutris

58 586 163 635 meae,
188 574 222 625 et
243 564 281 625 iu
302 563 480 625 cubiculum
498 564 666 646 gem'tm'czs
689 586 796 636 ureae:
822 587 861 628 ac
885 567 911 627 si
935 586 1009 629 cum
1021 564 1126 644 Jacob
1149 563 1306 627 luctando

57 676 166 736 dicat.
182 674 230 735 ei:
256 692 320 733 nou
343 671 505 733 dimittam
529 682 558 733 te
581 672 647 733 uisi
667 672 865 735 benedixeris
887 672 978 735 mim.
1000 692 1109 752 neque
1132 672 1219 735 enim
1235 693 1307 753 per·

58 781 152 843 lecta
176 789 234 841 est
258 780 327 840 eius
352 780 526 861 suscepti0,
550 780 610 841 nisi
626 790 847 860 consequatur
863 789 896 842 et
912 780 1048 852 mansio
1071 788 1107 841 ut
1122 779 1307 861 impleatur,-

40 888 157 969 squod
174 889 321 949 amatori
338 906 399 949 suo
422 886 568 968 polliceri
592 888 747 970 dignatus
771 897 822 950 est
842 889 972 951 dicens:
996 888 1158 950 ueuiemus
1172 897 1202 950 et
1216 908 1305 950 muri-

72 997 187 1059 siouem
216 994 310 1077 apud
330 1014 400 1063 eum
416 994 588 1075 faciemus.

481 1226 791 1293 CAPITVLVM
822 1229 905 1292 VII.

511 1336 518 1354 '
574 1376 628 1435 oe
652 1376 808 1436 Balaam.

175 1535 271 1597 Inter
294 1536 480 1597 innumeras
501 1537 587 1597 uitae
604 1534 698 1599 huius
715 1536 861 1597 miserias
878 1536 962 1597 duae
979 1544 1054 1597 sunt
1071 1537 1306 1617 temptationes

36 1665 58 1689 10
68 1644 297 1707 infirmitatem
327 1652 474 1705 nostram
507 1663 586 1725 prae
618 1644 735 1705 ceteris
759 1642 932 1724 specialius
956 1653 989 1703 et
1013 1643 1239 1705 uehementius
1261 1645 1305 1706 in-

68 1752 249 1826 testantes,
281 1751 408 1812 timoris
432 1750 584 1813 uidelicet
609 1759 641 1811 et
666 1751 863 1832 cupiditatis,
895 1751 1048 1812 timorem
1075 1760 1185 1812 autem
1216 1750 1305 1813 illum

68 1863 152 1934 dico,
187 1878 257 1941 quo
288 1860 481 1921 innocentes
505 1866 668 1921 terrentur
692 1878 711 1919 a
733 1858 931 1921 nocentibus
962 1859 1167 1920 innocentiae
1198 1880 1306 1940 perse-

70 1969 252 2043 cutoribus
277 1967 395 2048 quibus
419 1968 567 2050 perditae
591 1968 798 2029 innocentiae
820 1988 898 2029 suae
914 1986 982 2028 non
998 1965 1115 2028 sufficit
1132 1968 1305 2031 detrimen-

70 2087 138 2138 tum
149 2084 160 2151 ,⁶
189 2077 253 2138 nisi
284 2077 384 2137 etiam
415 2075 551 2138 aliorum
582 2076 769 2138 innocentia
800 2074 895 2137 huius
925 2075 1111 2136 detrimenti
1145 2075 1306 2137 sustineat

41 2184 262 2266 ispericulum.
304 2182 489 2245 huiusmodi
528 2184 646 2245 timore
672 2182 776 2262 Jacob
816 2191 983 2244 coartatus
1022 2191 1107 2257 erat,
1147 2202 1222 2244 cum
1261 2183 1305 2245 ob

81 2291 177 2352 inuidi
198 2292 307 2353 fratris
331 2289 467 2353 hostiles
492 2291 596 2353 minas
620 2288 717 2371 fugae
740 2291 939 2372 praesidium
963 2290 1107 2372 petebat.
1140 2291 1199 2353 sed
1231 2311 1305 2353 cum

85 2399 206 2461 iubente
230 2400 379 2461 Domino
402 2399 434 2460 in
458 2406 578 2460 terram
602 2399 781 2460 natiuitatis
805 2418 892 2474 suae,
915 2407 951 2459 ut
975 2398 1221 2480 supradictum
1246 2408 1306 2472 est,

82 2517 302 2582 reuerteretur,
335 2514 368 2568 et
399 2506 540 2568 necdum
564 2506 733 2587 antiquum
756 2504 840 2568 illius
864 2505 1006 2568 furorem
1030 2507 1180 2568 sedatum
1205 2508 1305 2590 suspi

83 2625 221 2690 caretur,
250 2615 373 2677 idcirco
405 2615 446 2676 ab
471 2613 595 2696 angelis
619 2614 680 2675 sibi
704 2614 914 2676 obuiantibus
938 2616 1102 2689 uisitator,
1132 2625 1304 2678 uteorum

56 2747 80 2771 20
89 2721 200 2783 solatio
223 2723 348 2784 timoris
373 2723 524 2784 anxietas
540 2721 723 2804 pelleretur.
748 2742 825 2784 nam
842 2732 874 2784 et
892 2721 1028 2803 angelus
1043 2721 1105 2797 ille,
1122 2724 1173 2785 cui
1189 2722 1305 2787 colluc-

91 2827 223 2902 tabatur,
245 2830 284 2891 ob
311 2831 451 2892 eandem
475 2850 606 2892 causam
631 2851 666 2891 se
690 2831 731 2892 ab
756 2851 797 2892 eo
813 2832 897 2892 uinci
913 2832 1078 2911 permisit,
1101 2840 1137 2892 ut
1153 2831 1304 2894 uidelicet

86 2932 192 2997 fratris
216 2936 407 3000 iracundiam
431 2938 525 3000 simili
549 2937 737 3000 fortitudine
762 2939 982 3019 superandam
1000 2939 1197 3000 ostenderet.
1221 2940 1305 3000 sicut

79 3064 161 3124 ergo
186 3045 292 3107 diuina
316 3046 459 3107 uisitatio
478 3045 581 3125 Jacob
607 3054 723 3107 contra
746 3046 914 3119 timorem,
945 3047 991 3106 ita
1014 3044 1148 3108 Balaam
1176 3055 1226 3107 est
1250 3069 1305 3108 ex·

77 3150 178 3214 hibita
202 3161 318 3214 contra
342 3154 562 3233 cupiditatem.
594 3154 656 3244 sed·
678 3155 754 3234 quia
783 3153 980 3215 dissimiliter
1007 3153 1048 3214 ab
1081 3154 1225 3233 utrisque
1257 3176 1305 3215 su·

45 3261 226 3341 ascipitur,
258 3261 458 3322 dissimiliter
481 3261 631 3321 nimirum
655 3261 688 3321 in
712 3261 758 3322 eis
787 3269 959 3341 operatur:
990 3261 1067 3333 iste,
1099 3262 1176 3339 quia
1205 3262 1305 3342 digne

74 3368 159 3432 illam
192 3370 356 3450 suscepit,
387 3389 490 3448 usque
523 3369 565 3430 ad
597 3370 800 3430 necessariae
824 3368 1022 3430 fortitudinis
1046 3370 1146 3431 robur
1169 3391 1213 3430 ex
1237 3371 1305 3431 eius

72 3480 180 3556 gratia
204 3474 362 3558 profecit;
393 3474 462 3549 ille,
494 3475 571 3555 quia
594 3476 763 3556 indignum
788 3495 860 3536 sese
889 3475 1039 3557 praebuit
1070 3485 1306 3558 susceptorem,

71 3605 130 3646 nec
157 3584 331 3666 superauit
355 3584 569 3664 cupiditatem
592 3603 653 3644 nec
678 3585 781 3645 euasit
806 3584 1060 3645 damnationem.

180 3692 232 3753 lta
255 3693 350 3753 iuxta
373 3693 589 3773 susceptionis
612 3701 745 3754 nostrae
762 3693 983 3766 deuotionem,
1002 3693 1147 3754 diuinam
1163 3693 1195 3753 in
1211 3693 1306 3754 nobis

47 3799 270 3864 ulructificare
295 3800 458 3862 credimus
483 3800 711 3862 uisitationem.
743 3819 852 3861 nonne
876 3799 941 3861 hoc
965 3808 997 3860 et
1021 3800 1054 3860 in
1085 3800 1306 3881 superioribus

72 3910 181 3972 elucet
206 3905 380 3987 exemplis,
404 3906 458 3969 ubi
482 3908 575 3968 iuxta
599 3907 746 3988 dispares
770 3908 962 3969 meritorum
986 3907 1116 3987 gradus
1133 3906 1305 3976 Abraham

71 4037 129 4096 per
155 4014 405 4096 susceptionem
429 4012 622 4094 angelorum
646 4012 840 4095 prophetiae
865 4015 954 4076 dono
978 4015 1127 4089 ditatum,
1151 4013 1239 4075 Loth
1263 4015 1305 4075 ab

72 4123 228 4187 incendio
254 4129 420 4202 ereptum,
446 4119 641 4182 Abimelech
667 4121 872 4183 ostendimus
904 4122 946 4183 ab
974 4122 1159 4203 ignorantia
1182 4141 1306 4184 correc-

73 4229 164 4292 tum?
205 4229 266 4292 sed
299 4229 375 4308 quia
406 4226 522 4290 horum
555 4225 818 4290 consideratione
857 4229 1095 4304 demulccmur,
1137 4230 1305 4290 uideamus

46 4339 175 4400 uetiam
201 4337 288 4398 unde
313 4343 501 4410 terreamur,
526 4337 602 4416 quia
626 4345 659 4398 et
679 4335 760 4398 haec
778 4345 813 4398 ut
830 4336 883 4398 illa
900 4338 941 4398 ad
959 4337 1143 4406 doctrinam
1159 4345 1305 4398 nostram

184 4491 208 4526 2.
230 4478 303 4526 Cant.
324 4489 347 4538 3,
363 4492 386 4538 4.
406 4506 441 4512 -
461 4473 484 4525 b.
505 4477 542 4525 10.
566 4489 604 4539 14,
626 4489 668 4539 23.
1149 4547 1158 4560 ..

1127 4553 1163 4595 2*-
