3167 5025
1274 272 1313 354 85

77 468 156 534 Deo
192 465 349 536 fiduciam
379 470 422 536 de
453 469 519 560 uita
550 469 742 555 praeterita,
772 489 872 554 quem
902 489 969 536 non
998 471 1106 554 arguit
1129 473 1316 536 accusatrix

77 580 302 656 conscientia,
324 580 607 662 quemadmodum
628 579 721 643 fortis
745 579 797 642 ille
820 580 945 644 athleta
964 579 1237 663 apprehenderat,
1261 580 1317 662 qui

76 689 241 752 dicebat:
272 711 326 752 nec
355 689 439 755 em'm
471 688 673 772 reprehendit
701 709 750 752 me
772 709 829 752 cor
848 710 952 752 meum
976 689 1011 751 in
1033 689 1124 752 omni
1144 689 1213 752 ur’ta
1236 710 1316 752 mea.

78 806 111 859 et
144 797 326 878 quomodo
356 804 510 878 putamus
541 804 689 858 sanctam
720 805 901 877 martyrem
932 796 1030 863 istam
1065 795 1172 860 fusum
1204 817 1318 881 appre-

60 903 254 980 shendisse,
281 904 313 967 id
339 913 389 968 est
412 923 551 986 operum
573 904 827 986 praeteritorum
851 923 963 968 coram
986 904 1062 967 Deo
1085 903 1318 990 confidentiam

80 1010 267 1075 habuisse?
293 1033 339 1074 ex
360 1012 472 1093 digitis
496 1020 616 1086 autem,
639 1011 758 1094 quibus
782 1011 1039 1094 apprehendisse
1063 1012 1180 1075 dicitur
1203 1010 1319 1087 fusum,

81 1121 184 1182 etiam
212 1119 297 1182 alius
319 1127 453 1182 nostrae
477 1117 655 1182 infirmitati
677 1120 881 1182 necessarius
905 1121 1049 1202 aperitur
1072 1140 1195 1185 sensus.
1225 1120 1319 1200 digiti

80 1247 234 1308 namque
259 1227 464 1290 discretionis
489 1227 642 1288 uirtutem
666 1227 838 1302 insinuant,
863 1247 903 1290 ea
918 1228 1069 1291 nimirum
1085 1228 1220 1318 ratione,
1244 1228 1320 1308 quia

82 1334 173 1396 nulla
198 1335 351 1416 corporis
374 1335 478 1398 nostri
502 1334 650 1396 membra
673 1334 820 1416 pluribus
844 1344 920 1398 sunt
944 1335 1085 1398 articulis
1109 1335 1263 1398 distincta
1286 1342 1319 1396 et

53 1459 74 1485 1⁰
83 1440 233 1504 flexibus
265 1450 344 1526 apta
374 1461 473 1523 quam
505 1442 607 1522 digiti.
650 1442 761 1524 itaque
793 1443 904 1523 digitis
935 1440 1041 1506 fusum
1073 1441 1321 1526 apprehendere

85 1558 134 1610 est
158 1548 243 1611 forti
266 1549 473 1611 discretionis
497 1550 679 1613 intentione
702 1549 847 1632 singula,
875 1571 959 1631 quae
983 1551 1126 1632 egimuS,
1150 1552 1321 1624 discutere,

86 1677 152 1736 quo
178 1657 305 1731 anim0,
329 1676 395 1736 quo
420 1653 484 1718 fine
507 1665 603 1738 gesta
626 1657 699 1732 sint,
723 1655 863 1720 sollicite
886 1666 1074 1733 retractare,
1097 1677 1138 1719 ne
1162 1659 1240 1719 uitia
1263 1659 1321 1719 uir·

88 1773 196 1826 tutum
232 1764 343 1847 specie
367 1763 502 1846 palliata
524 1762 711 1840 fefellerint,
743 1784 784 1826 ne
808 1764 897 1826 bona
926 1765 997 1846 ipsa
1020 1766 1239 1847 intemperata
1270 1764 1321 1826 uel

90 1871 288 1955 imperfecta
311 1870 436 1934 fuerint.
461 1893 668 1954 consequens
692 1893 770 1935 uero
795 1873 977 1935 remedium
1001 1873 1076 1948 erit,
1108 1882 1143 1935 ut
1166 1871 1321 1954 quicquid

61 1981 258 2062 uimpurum
289 1979 618 2063 deprehenderimus,
649 1980 768 2042 beatae
791 1980 970 2043 Felicitatis
1002 1979 1158 2062 exemplo
1186 2001 1244 2061 per
1268 1981 1322 2041 mi·

93 2087 295 2150 sericordiae
319 2085 444 2150 hostias
468 2088 648 2169 expiemus.

509 2318 820 2383 CAPITVLVM
847 2320 908 2387 Xl.

389 2465 483 2526 Laus
507 2466 550 2526 ab
576 2465 738 2544 operibus
761 2465 1030 2529 misericordiae.

197 2624 280 2708 ipsa
310 2624 396 2687 enim
421 2645 441 2687 a
463 2633 557 2706 patre
589 2626 885 2689 misericordiarum
915 2626 1000 2688 inter
1031 2635 1140 2689 cetera
1168 2624 1324 2689 uirtutum

78 2734 256 2796 2oeirercitia
279 2732 379 2794 etiam
402 2732 645 2796 misericordiae
669 2733 813 2795 studium
837 2732 1011 2809 didicerat,
1040 2741 1076 2795 ut
1099 2734 1184 2795 inter
1207 2732 1324 2795 beatos
1405 2809 1409 2817 ι

110 2838 325 2903 misericordes
356 2840 613 2901 misericordiam
645 2841 801 2922 consequi
829 2849 1016 2903 mereretur.
1049 2841 1136 2903 unde
1160 2840 1324 2904 subditur:
1376 2880 1379 2887 ·

109 2963 228 3010 manum
252 2967 346 3009 suam
370 2945 497 3027 aperuit
517 2946 613 3027 inopi,
637 2956 668 3007 et
682 2946 819 3028 palmas
833 2968 912 3009 suas
927 2947 1073 3009 extendit
1086 2946 1135 3009 ad
1141 2960 1324 3031 pauperem.

104 3071 167 3116 cum
191 3054 411 3138 praemissum
435 3054 485 3128 sit,
509 3055 586 3134 quia
608 3073 742 3116 manum
767 3074 860 3116 suam
876 3054 926 3117 ad
951 3053 1048 3117 fortia
1071 3056 1202 3130 miserit,
1226 3075 1325 3136 quam

99 3170 339 3243 consequenter
355 3161 568 3243 subiungitur,
593 3161 682 3242 quod
708 3163 849 3224 eandem
873 3162 971 3224 etiam
995 3164 1085 3245 inopi
1109 3164 1273 3245 aperuerit
1293 3171 1326 3224 et

68 3285 89 3322 2⁵
99 3269 136 3330 ad
159 3290 344 3353 pauperem
368 3269 571 3332 extenderit!
595 3288 674 3330 uera
697 3278 748 3331 est
771 3270 858 3333 enim
881 3268 1056 3346 fortitud0,
1087 3291 1171 3351 quae
1195 3270 1327 3353 pietatis

98 3376 277 3441 adornatur
300 3373 417 3451 officio,
442 3384 476 3438 et
499 3383 577 3439 tunc
601 3373 707 3437 solum
731 3374 849 3451 ualida,
874 3396 948 3440 cum
971 3377 1214 3461 misericordiae
1238 3386 1327 3441 recte

97 3480 191 3548 fuerit
216 3484 371 3548 subiecta.
396 3491 508 3566 potest
531 3483 720 3547 differenter
734 3483 879 3565 intelligi,
904 3485 994 3565 quod
1011 3504 1144 3547 manum
1161 3486 1327 3567 aperuisse

96 3589 187 3675 inopi
213 3601 246 3654 et
269 3591 396 3674 palmas
419 3591 609 3654 extendisse
633 3591 751 3653 dicitur
766 3592 809 3654 ad
835 3612 1023 3674 pauperem,
1047 3601 1083 3656 ut
1099 3594 1327 3675 praesentibus

97 3701 232 3779 quidem
263 3710 381 3781 perse
405 3719 538 3762 manum
563 3700 743 3781 aperuerit,
775 3698 967 3763 absentibus
992 3709 1102 3763 autem
1133 3700 1328 3782 longiusque

65 3830 88 3866 30
96 3808 234 3870 remotis
257 3827 317 3889 per
340 3808 507 3869 ministros
531 3806 672 3868 eandem
696 3804 857 3887 largitatis
882 3828 960 3871 suae
985 3808 1125 3889 gratiam
1157 3809 1250 3889 quasi
1274 3828 1329 3871 ex·

98 3916 202 3977 tensis
232 3914 349 3997 palmis
381 3913 571 3996 impendere
604 3914 774 3975 curauerit.
806 3914 832 3975 si
864 3915 950 3977 enim
982 3914 1024 3977 de
1048 3915 1139 3997 regia
1162 3923 1328 3997 potestate

99 4017 199 4101 longe
233 4020 366 4102 lateque
400 4022 535 4102 uigente
571 4020 704 4084 dicitur:
743 4040 787 4081 arr
823 4020 924 4082 nescis
958 4019 1072 4103 longas
1106 4020 1231 4103 regibus
1265 4040 1330 4083 esse

100 4130 240 4191 mamis?
268 4147 326 4191 cur
348 4148 416 4190 non
439 4130 538 4191 etiam
562 4128 668 4190 sancti
692 4126 735 4189 ad
759 4127 984 4209 dispergenda
1007 4146 1242 4210 usquequaque
1265 4128 1330 4209 pie·

101 4236 177 4299 tatis
208 4256 312 4318 opera
342 4245 498 4300 extensas
530 4235 582 4297 uel
614 4234 732 4316 longas
765 4231 888 4297 habere
916 4234 1042 4317 palmas
1067 4234 1236 4299 dicantur?
1268 4236 1330 4298 alia

71 4366 93 4402 ³⁵
104 4344 199 4405 etiam
233 4342 328 4405 huius
359 4342 490 4432 litterae
514 4342 700 4410 'differentia
730 4362 773 4406 ex
807 4342 915 4405 uerbis
947 4341 1078 4405 alterius
1108 4342 1329 4407 translationis

130 4520 133 4527 -
208 4498 232 4548 3.
251 4487 301 4550 Joh
321 4495 362 4546 27,
383 4482 406 4534 b.
427 4513 462 4521 -
482 4496 522 4547 33.
543 4484 619 4533 Ouid.
640 4485 701 4535 Her.
730 4494 768 4546 17,
793 4480 850 4535 166.
