3167 5025
235 259 278 328 86

233 463 329 526 nobis
352 462 501 536 innuitur,
526 458 580 524 ubi
604 457 650 524 sic
673 455 808 543 legitur:
831 473 948 524 manus
972 475 1048 524 suas
1069 455 1195 544 aperuit
1211 453 1357 544 pauperi,
1382 453 1470 524 fruc·

141 606 144 622 .
233 579 303 632 tum
334 578 445 632 autern
465 570 625 650 'porrexit
656 570 754 651 inopi.
785 577 837 630 est
868 569 1001 650 quidam
1032 589 1159 652 pauper
1189 589 1305 630 manus
1329 577 1471 630 nostras

233 696 403 760 quaerens
434 696 496 758 pro
519 677 717 738 necessitate
740 676 894 740 uidelicet
917 677 1122 758 paupertatis
1144 696 1224 738 suae
1248 696 1397 758 sperans,
1432 696 1469 736 se

233 785 355 866 aliquid
379 792 591 866 accepturum
614 804 634 844 a
657 784 762 846 nobis.
795 791 846 846 est
870 792 980 846 autem
1004 792 1037 846 et
1062 783 1142 845 alius
1165 785 1262 866 inops
1286 785 1342 864 qui
1366 784 1469 846 dicit:
1557 794 1565 805 '

232 903 398 974 tamquam
422 890 510 952 nileil
530 890 693 962 habentes,
724 901 754 952 et
774 891 884 952 omuia
905 889 1112 972 possidentes.
1143 910 1210 952 non
1233 892 1326 971 quasi
1351 911 1469 952 neces·
1494 915 1502 951 s

232 1001 321 1062 sitati
351 1018 430 1062 suae
460 997 610 1060 satisfieri
641 997 710 1061 uult
741 997 855 1062 debito
886 985 1017 1072 nostro,
1049 998 1107 1060 sed
1140 1006 1251 1060 tamen
1281 999 1314 1060 in
1343 999 1467 1060 arbore

232 1107 412 1181 dominica,
444 1125 543 1186 quam
567 1104 728 1187 plantauit
751 1113 785 1167 et
809 1105 943 1186 rigauit,
974 1103 1115 1168 fructum
1139 1107 1273 1186 quaerit.
1303 1106 1351 1168 sic
1375 1107 1465 1168 enim

232 1215 319 1276 idem
350 1215 447 1295 inops
477 1214 539 1287 ait,
573 1232 647 1274 cum
679 1213 721 1275 de
752 1212 871 1276 talibus
903 1212 1108 1294 loqueretur:
1144 1234 1206 1274 uou
1236 1212 1314 1294 quia
1345 1235 1467 1295 quaero

231 1321 361 1392 datum,
392 1319 451 1381 sed
471 1319 596 1401 requiro
610 1321 767 1400 fructum.
800 1321 944 1402 utrisque
973 1328 1087 1383 sancta
1110 1321 1262 1383 Felicitas
1295 1320 1466 1394 satisfecit,

231 1429 264 1490 in
288 1449 354 1509 qua
377 1437 410 1489 et
434 1448 561 1510 pauper
583 1427 707 1503 datum,
729 1436 763 1488 et
787 1428 884 1510 inops
907 1428 1030 1491 inuenit
1054 1426 1203 1491 fructum.
1265 1499 1267 1504 ¹

640 1659 949 1723 CAPITVLVM
972 1659 1053 1723 XII.

505 1803 599 1866 Laus
623 1824 643 1866 a
667 1792 884 1882 prouidentia
908 1805 1191 1866 domesticorum.

338 1964 412 2026 Nou
442 1964 563 2041 timebit
591 1964 704 2026 domui
731 1985 809 2026 suae
839 1985 860 2026 a
884 1963 1068 2045 frigoribus
1098 1964 1203 2026 uiuis:
1237 1985 1348 2026 omnes
1381 1965 1453 2026 entire

231 2069 397 2135 domestici
417 2072 485 2134 eries
508 2072 616 2134 uestr'ti
636 2071 824 2154 duplicibus.
849 2091 923 2133 cum
947 2091 1006 2153 per
1022 2071 1256 2134 abundantiam
1281 2071 1451 2153 iniquitatis

230 2179 412 2260 refrigescit
436 2181 571 2254 caritas,
602 2180 822 2261 perniciosum
854 2179 949 2240 nimis
981 2187 1032 2240 est
1062 2177 1171 2260 frigus.
1204 2178 1297 2240 huius
1331 2178 1458 2260 frigoris
1467 2207 1486 2241 n

231 2295 324 2350 tanta
355 2285 564 2348 uehementia
595 2296 746 2369 tempore
777 2288 961 2350 dominicae
984 2287 1147 2369 passionis
1171 2285 1397 2362 inhorruerat,
1430 2295 1463 2348 ut

230 2415 305 2457 cum
329 2394 505 2477 plerosque
529 2395 577 2455 uis
602 2394 724 2476 algoris
746 2396 878 2478 penitus
902 2396 1128 2476 extingueret,
1160 2395 1232 2476 ipsa
1256 2395 1357 2456 etiam
1387 2415 1464 2476 apo·

230 2501 390 2565 stolorum
423 2500 616 2585 praecordia
647 2522 713 2564 non
745 2500 862 2565 leuiter
892 2503 1137 2586 perstringeret.
1170 2522 1236 2583 quo
1268 2499 1391 2583 frigore
1421 2503 1463 2564 ad

230 2610 346 2672 horam
371 2618 508 2693 torpens
532 2610 647 2672 Petrus
683 2611 776 2691 quasi
808 2611 920 2692 prunis
944 2611 1165 2672 ministrorum
1189 2607 1329 2671 calefieri
1353 2612 1464 2691 cupie-

229 2719 304 2793 bat,
338 2718 415 2799 quia
448 2716 640 2800 temporalis
675 2718 843 2780 commodi
877 2716 1030 2779 solatium
1065 2716 1265 2799 perfidorum
1298 2718 1463 2779 societate
1473 2744 1497 2769 20

172 2862 178 2871 ·
230 2825 425 2907 quaerebat;
471 2825 530 2886 sed
568 2823 654 2887 hanc
693 2824 893 2887 infidelitatis
931 2826 1040 2887 niuem
1080 2824 1224 2887 Domino
1261 2826 1463 2907 respiciente

229 2934 341 3009 euasit.
373 2930 493 2995 abhinc
516 2952 597 3014 ergo
621 2933 897 3015 consurgentibus
928 2954 988 3015 per
1019 2933 1167 2995 ordinem
1191 2932 1334 2994 Romani
1365 2935 1461 3015 regni

228 3041 446 3124 principibus,
476 3042 569 3123 quasi
593 3042 698 3103 uentis
721 3040 931 3117 hiemalibuS,
954 3059 1058 3123 usque
1082 3041 1123 3103 ad
1148 3039 1373 3115 Antoninum,
1398 3041 1460 3103 sub

228 3166 295 3230 quo
329 3149 429 3211 beata
459 3148 612 3211 Felicitas
646 3169 746 3231 passa
780 3158 846 3225 est,
881 3147 1079 3232 implacabili
1113 3166 1244 3229 semper
1279 3149 1460 3229 asperitate

228 3257 312 3318 niuis
335 3255 458 3337 frigora
481 3256 725 3337 grassabantur,
750 3255 903 3339 aquibus
928 3264 1039 3318 tamen
1055 3252 1199 3318 fidelium
1216 3255 1319 3317 corda
1335 3265 1487 3331 austr0,2s
1580 3330 1581 3335 ἵ

228 3362 261 3426 id
285 3372 336 3425 est
359 3364 474 3445 spiritu
506 3364 668 3439 ueritatiS,
699 3364 865 3445 aspirante
889 3362 1158 3426 defendebantur.
1190 3362 1277 3424 unde
1301 3382 1363 3424 nec
1397 3364 1454 3424 ista

228 3480 343 3543 sancta
375 3479 503 3551 martyr
533 3472 646 3533 domui
669 3457 763 3546 suae,
795 3471 828 3533 id
853 3480 904 3533 est
927 3471 998 3533 filiis
1022 3470 1221 3551 ceterisque,
1253 3469 1308 3551 qui
1332 3470 1396 3532 sub
1418 3490 1450 3531 ea

227 3587 261 3640 et
285 3599 345 3661 per
367 3599 441 3639 earn
465 3578 610 3641 Domino
637 3579 862 3653 crediderant,
894 3600 913 3641 a
944 3578 1118 3661 frigoribus
1142 3578 1224 3639 niuis
1248 3578 1362 3639 timuit.
1398 3597 1457 3639 nec

227 3687 519 3767 praetereundum,
550 3687 639 3768 quod
671 3706 738 3749 non
771 3686 960 3768 simpliciter
991 3686 1113 3767 frigora
1144 3686 1203 3761 sed
1228 3684 1310 3747 niuis
1334 3683 1458 3766 frigora

227 3794 386 3855 dicuntur.
416 3793 474 3855 nix
505 3802 615 3855 autem
647 3813 714 3854 non
746 3792 854 3855 solum
878 3794 995 3875 frigida
1019 3794 1077 3856 sed
1102 3792 1201 3855 etiam
1224 3791 1299 3853 alba
1322 3799 1391 3866 est,
1423 3801 1495 3859 eta

227 3899 370 3981 desuper
394 3902 490 3963 uenit.
515 3902 562 3963 sic
585 3909 619 3961 et
641 3900 783 3981 reprobi,
807 3898 883 3962 licet
907 3899 1014 3981 frigidi
1038 3907 1071 3961 et
1095 3899 1190 3961 alieni
1211 3900 1275 3961 sint
1291 3918 1310 3959 a
1325 3897 1458 3961 feruore

227 4008 379 4081 caritatis,
403 4026 650 4089 nonnumquam
673 4015 785 4069 tamen
810 4007 975 4089 quendam
999 4004 1170 4088 superficie
1186 4015 1281 4068 tenus
1298 4007 1456 4069 uirtutum

226 4117 421 4190 candorem,
453 4116 546 4197 quasi
576 4115 619 4177 de
650 4113 846 4178 caelestibus
877 4114 1078 4188 uenientem,
1109 4114 1141 4175 in
1173 4134 1245 4176 sese
1276 4122 1455 4177 ostentant.

226 4243 325 4305 quam
348 4241 462 4285 eorum
486 4222 596 4286 fictam
620 4223 796 4304 imaginem
820 4224 891 4306 ipse
915 4222 1135 4285 conscientiae
1159 4224 1252 4284 testis
1285 4231 1319 4284 et
1350 4220 1453 4284 iudex

216 4330 411 4421 xmanifestat
435 4339 468 4392 et
491 4330 627 4392 damnat
650 4331 779 4393 dicens:
812 4350 872 4393 uae
895 4329 998 4402 uobc's,
1026 4329 1221 4412 hypocritae,
1252 4330 1310 4411 qui
1329 4328 1454 4392 scuriles
1466 4356 1493 4395 35

333 4484 355 4537 5.
377 4474 410 4522 II.
431 4471 490 4524 Cor.
511 4469 534 4532 b,
559 4486 598 4520 10.
618 4500 653 4513 -.
671 4489 696 4536 9.
717 4472 780 4521 Phil.
801 4486 825 4533 4,
851 4482 889 4534 17.
