3167 5025
240 216 278 299 ιε

233 410 433 493 uigilandum
450 423 502 475 est
521 415 683 477 instantia.
708 416 779 496 quis
804 415 890 479 enim
915 416 957 477 de
980 414 1044 495 loci
1067 415 1253 488 munimine,
1276 415 1318 477 de
1342 436 1465 498 propo

231 521 285 581 siti
315 520 523 596 celsitudine,
555 523 598 584 de
629 524 716 585 uitae
747 522 949 605 perfectione
970 542 1113 592 ‚securus
1137 543 1210 584 esse
1232 524 1354 605 possit,
1385 544 1464 587 cum
1492 506 1497 515 ⁸

231 626 314 689 haec
329 628 502 709 singularis
518 631 683 711 nequitiae
699 629 856 693 uiolentia
870 629 998 692 caelum
1013 630 1177 703 inuaserit,
1200 639 1252 693 tot
1267 631 1464 713 angelorum

231 735 416 816 agminibus
447 735 653 817 spoliauerit,
684 738 874 820 paradisum
901 756 1034 819 quoque
1057 737 1125 800 suis
1147 737 1275 801 colonis
1297 747 1331 801 et
1354 748 1465 802 custo

231 841 330 905 dibus
353 842 558 907 destituerit?

647 1076 962 1144 CAPITVLVM
986 1078 1049 1141 VI.

535 1224 589 1283 De
608 1222 715 1301 Jacob
741 1224 895 1284 luctante
918 1240 1000 1283 cum
1023 1224 1158 1300 angelo.

332 1381 445 1461 Jacob,
470 1403 543 1444 cum
561 1404 580 1445 a
596 1382 840 1465 Mesopotamia
855 1382 970 1462 Syriae
994 1383 1036 1445 ad
1053 1403 1131 1445 suos
1146 1384 1276 1456 rediret,
1298 1386 1464 1465 superatis

230 1489 529 1571 persecutionibus
561 1511 643 1571 quas
676 1491 791 1553 Laban
823 1489 955 1553 molitus
986 1495 1106 1565 luerat,
1137 1490 1287 1553 hostibus
1315 1512 1336 1553 a
1363 1470 1463 1574 tergo

230 1598 479 1679 insequentibus
511 1599 590 1661 alias
614 1621 634 1661 a
657 1598 755 1662 fratre
787 1609 956 1680 tamquam
988 1598 1101 1661 hostes
1132 1600 1264 1662 obuiam
1292 1602 1464 1663 uenientes
1475 1623 1502 1648 ¹0

230 1706 377 1767 sustinet,
410 1706 527 1786 quibus
559 1708 718 1788 angustiis
750 1708 1008 1789 circumsaeptus
1040 1706 1118 1767 dum
1150 1715 1272 1787 coepto
1304 1718 1463 1789 pergeret

229 1812 353 1885 itinere,
377 1822 412 1874 ut
436 1816 598 1895 scriptura
622 1823 769 1890 testatur,
795 1814 924 1878 suerunt
947 1816 977 1876 ei
1001 1814 1133 1876 obuiam
1155 1814 1263 1895 angeli
1279 1815 1351 1878 Dei.
1375 1837 1463 1897 quos

229 1939 328 1999 quam
352 1921 493 1983 scienter
508 1922 699 2003 susceperit,
722 1923 823 2003 ipsius
839 1930 1002 1984 testantur
1017 1921 1118 1983 uerba
1134 1922 1251 2002 quibus
1267 1923 1327 1984 ait:
1350 1934 1461 1987 castra

229 2026 295 2087 Dei
314 2038 392 2089 sunt
413 2028 491 2091 haec
499 2029 658 2109 :sciebat
679 2030 765 2091 enim
797 2031 859 2091 ista
887 2029 1018 2091 militiae
1050 2028 1200 2115 caelestis
1223 2038 1333 2092 castra
1353 2031 1388 2091 in
1411 2034 1463 2094 sui

230 2136 428 2216 praesidium
453 2136 607 2197 diuinitus
631 2137 764 2197 directa.
789 2145 822 2197 et
847 2145 882 2199 ut
899 2156 918 2197 a
933 2138 1147 2218 generatione
1163 2137 1195 2197 in
1211 2138 1462 2217 generationem
1474 2166 1499 2202 ιε

230 2243 356 2321 gratiae
381 2242 475 2305 huius
499 2244 787 2325 commendaretur
810 2243 1016 2325 memoriale,
1043 2263 1167 2305 nomen
1190 2243 1253 2305 loci
1276 2243 1369 2319 illius,
1392 2267 1462 2327 quo

228 2359 449 2432 apparuerant
481 2351 597 2433 angeli,
633 2352 786 2420 Manaim,
816 2352 848 2412 id
890 2360 940 2413 est
975 2361 1095 2423 castra,
1127 2352 1252 2413 curauit
1282 2353 1460 2435 appellare.

229 2477 413 2540 congruum
444 2466 554 2543 autem
586 2458 726 2542 Deoque
740 2515 743 2523 ,
758 2458 986 2540 dignissimum
1018 2458 1191 2521 uidebatur
1223 2459 1459 2522 consolationis

228 2567 418 2640 remedium,
443 2575 478 2627 ut
502 2567 534 2628 in
558 2567 613 2628 illo
636 2567 841 2629 necessitatis
865 2564 1002 2628 articulo
1013 2565 1117 2646 Jacob
1141 2565 1291 2647 angelico
1315 2569 1456 2648 cingere·

227 2683 279 2736 tur
311 2672 429 2748 chore,
463 2695 537 2736 cum
569 2676 657 2736 omni
689 2673 833 2736 humano
865 2674 1042 2736 destitutus
1074 2672 1196 2735 auxilio
1227 2673 1334 2738 fratris
1356 2675 1457 2737 etiam
1470 2703 1500 2728 20

227 2781 399 2845 laborabat
423 2784 510 2844 odiu.
1060 2853 1065 2861 ,

231 2957 250 2975 ,ν
334 2889 469 2954 Talibus
494 2892 579 2952 enim
604 2892 735 2972 pietatis
760 2911 839 2953 suae
863 2891 988 2952 indiciis
1011 2889 1076 2952 hoc
1100 2890 1248 2950 maxime
1272 2890 1384 2950 diuina
1415 2891 1461 2950 in-

227 2989 355 3060 sinuare
380 2996 723 3079 uoluitprouidentia,
747 3018 927 3078 numquam
948 2998 1092 3079 paratius
1109 3006 1142 3058 et
1158 2996 1279 3077 largius
1296 3017 1461 3078 supernae

226 3104 449 3168 illustrationis
474 3106 694 3166 uisitationem
719 3105 814 3168 nobis
838 3105 992 3186 impendi,
1020 3123 1197 3185 numquam
1221 3104 1346 3183 gratius
1369 3103 1461 3166 illam

228 3234 247 3275 a
270 3212 365 3274 nobis
389 3213 518 3294 suscipi,
542 3233 640 3293 quarn
666 3232 739 3275 cum
764 3233 825 3294 pro
848 3212 970 3273 iustitia
992 3221 1024 3274 et
1041 3211 1178 3272 ueritate
1195 3209 1461 3273 tribulationibus
1472 3239 1496 3274 πε

226 3339 287 3380 nos
319 3328 352 3382 et
383 3321 542 3401 angustiis
576 3321 751 3400 contigerit
779 3318 886 3400 affligi.
919 3320 1005 3381 unde
1038 3317 1236 3403 psalmista:⁶
1254 3317 1287 3377 si
1314 3317 1461 3380 ambula-

227 3447 308 3497 uero,
333 3427 445 3507 inquit,
470 3427 503 3488 in
528 3427 631 3488 medio
654 3426 880 3498 trr‘bulatzbmi,
905 3425 1087 3508 uz'ur'ficabis
1109 3445 1158 3485 me
1166 3447 1176 3484 .·
1203 3434 1234 3484 et
1254 3436 1350 3504 szqter
1371 3424 1461 3488 trum

227 3532 429 3594 inimicorum
459 3555 599 3596 aneorum
622 3534 797 3596 extendisti
817 3555 949 3596 manum
973 3544 1077 3603 tuam,
1106 3541 1138 3592 et
1157 3531 1286 3592 saluum
1310 3552 1360 3592 me
1374 3534 1464 3612 ficit

226 3640 358 3702 dextera
382 3651 446 3704 tua.
472 3651 549 3704 tunc
574 3643 660 3704 enim
684 3640 788 3704 fidelis
805 3643 920 3713 anima,
944 3662 1028 3722 quae
1049 3640 1158 3701 dicere
1175 3639 1289 3700 audet:
1313 3641 1462 3702 conserus

226 3767 314 3810 meus
338 3748 372 3808 in
395 3749 525 3822 excelse,
550 3769 641 3812 more
659 3749 841 3822 columbae,
865 3769 948 3829 quae
966 3748 1179 3819 extrinsecus
1202 3745 1257 3806 ubi
1278 3746 1498 3825 requiesce-30

226 3863 275 3916 ret
299 3875 358 3936 pes
383 3857 459 3929 eiuS,
484 3876 550 3918 non
574 3857 753 3930 inuenerat,
777 3856 819 3918 ad
845 3855 1063 3917 conscientiae
1087 3872 1196 3914 arcam
1214 3853 1385 3914 conuolat:
1414 3855 1459 3916 ibi

226 3970 319 4025 tanto
344 3963 456 4044 purior
480 3965 521 4026 ad
546 3963 754 4045 suscipienda
777 3963 924 4024 internae
948 3960 1281 4039 dulcedinissecreta
1300 3961 1458 4036 redditur,

226 4078 350 4150 quanto
386 4071 563 4133 districtius
599 4069 719 4133 afflicta
754 4091 773 4132 a
804 4077 1016 4152 peccatorum
1051 4066 1204 4130 sordibus
1241 4076 1458 4148 expurgatur.

226 4178 379 4258 quocirca
395 4178 627 4259 gratulandum
652 4177 754 4252 uobis
778 4176 988 4249 dilectissimi,
1004 4176 1045 4237 de
1062 4183 1257 4256 paupertate
1272 4173 1460 4238 uoluntaria

226 4293 258 4346 et
290 4286 544 4366 temptationum
576 4305 658 4365 quas
688 4285 854 4346 sustinetis
885 4283 1053 4362 angustia,
1085 4281 1239 4360 quoniam
1268 4301 1308 4343 eo
1333 4281 1459 4364 largior
1470 4311 1498 4347 35

335 4441 373 4490 14.
395 4428 459 4476 Gen.
481 4438 522 4490 32,
544 4439 566 4474 2.
587 4455 622 4461 -
642 4439 682 4492 ²9·
704 4426 743 4474 Ps.
768 4435 825 4488 135,
848 4433 870 4485 7.
890 4451 925 4458 —
944 4434 986 4485 30.
1006 4424 1056 4488 Job
1080 4418 1119 4481 ιθ,
1141 4434 1182 4471 20.
