3167 5025
666 633 1090 709 PROOEMIVM.

829 810 933 819 -——.--

371 934 567 1036 Melicum
582 975 704 1052 sortem
728 973 801 1054 quis
816 973 977 1034 znurnz'et.i
992 974 1111 1054 procul
1130 975 1213 1036 etde
1229 976 1354 1038 ultimis
1369 979 1499 1059 fimbus

260 1080 403 1162 pretium
426 1080 501 1141 eius

373 1187 426 1248 lnt
413 1189 594 1269 terrogatio
633 1189 696 1249 ista
733 1207 808 1249 cum
847 1187 1019 1250 subiuncta
1055 1189 1171 1270 ipsiuS,
1210 1193 1266 1272 qui
1305 1194 1497 1274 interrogat,

267 1295 483 1376 responsione
517 1295 611 1376 quasi
645 1295 816 1376 quoddam
851 1295 981 1357 uidetur
997 1295 1247 1360 subsecuturae
1282 1298 1389 1363 laudis
1422 1322 1528 1382 pro-s

262 1404 427 1477 oemium,
458 1423 526 1483 quo
550 1404 714 1465 excitatus
738 1402 896 1465 auditoris
921 1405 1046 1466 animus
1070 1413 1240 1487 torporem
1264 1408 1436 1482 discutiat,
1464 1418 1497 1469 et

268 1511 312 1571 ad
334 1508 549 1590 intelligenda
571 1517 684 1572 tantae
708 1509 917 1572 sublimitatis
940 1513 1117 1592 praeconia
1141 1512 1330 1594 uigilantior
1346 1525 1497 1597 exurgat.

261 1618 470 1680 subnectitur
501 1619 588 1679 enim
611 1638 806 1680 numerosus
834 1619 990 1680 uirtutum
1022 1619 1193 1701 catalogus
1224 1623 1306 1684 mira
1338 1624 1497 1686 uarietate

267 1724 458 1801 distinctuS,
489 1725 692 1805 sumiturque
723 1725 866 1788 discreta
897 1746 940 1786 ex
972 1727 1061 1787 omni
1092 1735 1185 1809 parte
1214 1726 1318 1790 laudis
1344 1733 1496 1792 materia:

266 1854 353 1896 nunc
384 1854 404 1895 a
435 1852 578 1915 persona
609 1832 660 1894 uel
692 1833 853 1914 dignitate
885 1833 959 1906 uiri,
990 1852 1075 1895 nunc
1107 1854 1127 1895 a
1158 1855 1216 1896 sua
1244 1839 1396 1918 propria;
1429 1847 1523 1900 tum¹0

261 1943 309 2005 ab
332 1941 443 2023 operis
463 1940 639 2014 instantia,
669 1947 739 2001 tum
763 1960 784 2000 a
807 1937 989 2020 uigiliarum
1012 1939 1170 2002 industria
1194 1951 1227 2002 et
1252 1945 1370 2006 ceteris
1394 1944 1491 2007 huius

266 2051 372 2124 modi,
404 2069 489 2130 quae
520 2046 650 2128 singula
681 2047 747 2108 suis
777 2047 811 2108 in
842 2046 922 2108 locis
951 2056 1156 2110 annotantur.
1189 2050 1265 2130 quia
1288 2071 1369 2113 uero
1395 2053 1487 2114 sancti
1572 2055 1573 2138 l

263 2166 395 2241 patreS,
427 2172 566 2237 quorum
599 2155 798 2216 discretione
831 2153 1014 2216 diuinorum
1043 2153 1222 2218 officiorum
1247 2158 1331 2220 ordo
1356 2159 1491 2241 promul·
1572 2175 1573 2230 l

266 2276 364 2348 gatus
387 2272 447 2338 est,
475 2263 653 2345 praeconia
676 2260 758 2324 haec
781 2261 900 2323 beatae
923 2261 1102 2324 Felicitatis
1126 2263 1338 2328 sollemnitati
1362 2269 1496 2350 asscrip

261 2381 395 2447 serunt,
437 2379 553 2452 utpote
585 2388 669 2451 quae
701 2389 768 2432 non
800 2370 905 2431 minus
937 2369 1101 2450 perlectae
1133 2370 1207 2434 huic
1246 2375 1371 2436 aeterni
1413 2377 1521 2456 regius

266 2481 418 2565 sponsae
441 2497 541 2560 quam
566 2477 740 2540 uniuersali
763 2476 922 2539 ecclesiae
938 2497 1120 2560 congruere
1137 2481 1372 2557 iudicauerunt
1397 2493 1496 2546 restat
1572 2473 1573 2559 l

267 2598 401 2653 auctore
425 2587 509 2661 De0,
533 2584 636 2667 qualit
638 2606 673 2647 er
695 2583 746 2646 his
770 2593 931 2647 exornata
897 2584 1057 2660 tfuerit,
1082 2586 1237 2651 demonst
1224 2596 1319 2651 t.rare
1572 2564 1573 2601 i

374 2694 509 2757 Hanc
501 2694 600 2774 igitur
631 2690 799 2753 mulierem
832 2691 929 2753 luisse
961 2690 1088 2768 fortem,
1119 2695 1221 2756 immo
1255 2695 1380 2759 uirilem
1406 2720 1497 2761 exer·
1572 2666 1573 2767 l

266 2805 371 2867 cuisse
402 2800 644 2875 fortitudinem,
681 2798 771 2861 fusus
803 2820 863 2881 pro
895 2808 1095 2863 testamento
1126 2801 1189 2863 Dei
1227 2806 1362 2885 sanguis
1396 2808 1499 2887 ipsius
1572 2796 1573 2904 l

267 2919 449 2974 attestatur
474 2909 565 2971 cuius
588 2928 630 2969 co
654 2928 757 2987 usque
781 2906 921 2989 profecit
944 2906 1033 2969 fortit
1036 2908 1116 2983 ud0,
1144 2918 1179 2971 ut
1203 2930 1269 2972 non
1294 2911 1435 2974 solum
1426 2934 1499 2995 ipsa
1508 2939 1526 2962 20
1572 2914 1573 2917 ’

269 3018 417 3099 martyrii
448 3036 587 3099 poenas,
605 3014 681 3077 forti
712 3015 821 3079 animo
853 3016 1034 3090 euinceret,
1065 3016 1124 3077 sed
1155 3017 1254 3078 etiam
1282 3017 1382 3095 filios,
1415 3042 1497 3102 quos

265 3127 352 3189 lacte
376 3126 482 3188 carnis
506 3130 690 3207 putauerat,
714 3122 959 3185 adhibendum
976 3121 1109 3185 Domini
1134 3123 1268 3187 calicem
1285 3126 1497 3191 confortaret.

267 3232 482 3317 propheticus
522 3252 603 3313 ergo
636 3231 785 3313 spiritus²
825 3232 880 3311 qui
911 3230 953 3291 ad
985 3229 1200 3292 declarandas
1230 3233 1263 3293 in
1302 3232 1365 3297 hac
1405 3247 1495 3318 parte

267 3338 438 3422 generales
454 3348 588 3403 sanctae
605 3338 718 3400 matris
743 3337 901 3399 ecclesiae
925 3336 1038 3399 laudes
1054 3335 1241 3401 Salomonis
1263 3360 1321 3403 cor
1338 3342 1491 3416 dilatauit,

267 3447 353 3510 hanc
387 3446 595 3509 nihilominus
634 3454 816 3525 martyrem
848 3452 881 3505 et
912 3453 1094 3524 martyrum
1133 3455 1272 3508 matrem
1311 3448 1515 3529 specialitus

267 3555 424 3629 attendit,
455 3554 545 3615 cuius
576 3554 781 3615 inuentorem
814 3552 906 3633 quasi
937 3571 1011 3613 cum
1042 3553 1257 3615 admiratione
1282 3556 1430 3635 quadam
1456 3562 1493 3621 in·

268 3662 399 3743 quisiuit
422 3661 552 3724 dicens:
576 3660 741 3723 mulierem
758 3661 879 3740 fortem
903 3659 976 3740 quir
991 3658 1152 3721 inueniet?
1175 3661 1247 3741 quis
1264 3662 1350 3723 enim
1368 3672 1494 3729 tantum

267 3770 391 3830 bonum
415 3777 608 3850 tantamque
631 3767 856 3831 fortitudinem
876 3766 1061 3841 inuenisset,
1085 3768 1146 3829 nisi
1170 3766 1222 3829 ille
1246 3788 1373 3833 summe
1389 3771 1493 3836 bonus

268 3885 302 3937 et
326 3876 532 3953 manufortes,
546 3878 630 3939 sine
655 3896 720 3957 quo
744 3873 823 3937 nihil
847 3883 899 3936 est
921 3874 1063 3935 ualidum
1088 3870 1165 3935 nihil
1190 3884 1283 3937 sanct
1285 3896 1356 3951 um
1389 3882 1493 3960 primo

268 3984 426 4058 uenisset,
458 3984 606 4050 ethanc
637 4003 712 4046 cum
745 3983 862 4044 ceteris
894 3979 1045 4042 omnibus
1076 3979 1251 4044 debilem
1242 3985 1412 4047 inueniens
1436 4008 1528 4055 suos

268 4090 390 4153 aduent
377 4099 412 4153 tu
427 4091 491 4155 sort
478 4102 546 4155 tem
562 4090 714 4155 fecisset.
740 4090 830 4172 quod
854 4110 915 4171 pro
918 4090 1003 4150 tinus
1027 4089 1215 4165 insinuatur,
1240 4112 1314 4153 cum
1331 4092 1492 4159 subditur:

262 4198 379 4277 procul
406 4210 436 4260 et
464 4200 503 4261 de
533 4198 658 4261 ultimis
680 4196 809 4279 finibus
834 4196 973 4277 pretium
997 4195 1072 4257 eius.
1105 4196 1226 4259 relictis
1250 4200 1373 4281 quippe
1396 4220 1492 4265 nona·

269 4304 361 4383 ginta
382 4325 501 4369 nouem
525 4306 642 4368 ouibus
666 4306 698 4366 in
722 4304 886 4367 montanis
910 4294 970 4363 illis
995 4303 1190 4367 caelestibus
1222 4306 1301 4367 abiit
1324 4308 1438 4388 procul
1460 4311 1492 4373 in

268 4411 449 4476 conuallem
472 4412 557 4477 hanc
581 4412 787 4477 lacrimarum
812 4430 967 4491 quaerere
992 4432 1098 4489 unam,
1123 4432 1206 4495 quae
1231 4424 1406 4491 errauerat,
1430 4437 1490 4499 pro
