3167 5025
248 247 311 296 100

240 441 465 513 gregaturunt,
489 429 601 511 inquit,
625 431 769 493 delicians,
794 433 917 492 instant
941 433 1026 493 enim
1052 429 1294 512 congregandis
1310 429 1486 490 bonorum

246 559 384 620 operum
408 538 536 612 diuitiis,
560 558 627 599 non
651 547 762 599 tamen
787 536 1046 600 thesaurizantes
1070 539 1102 598 in
1126 538 1218 599 caelo
1243 537 1302 599 sed
1326 538 1487 608 interra,

245 647 333 709 unde
366 666 428 708 nec
463 647 504 708 ab
539 647 627 720 imis,
664 646 718 707 ubi
753 654 805 707 est
840 644 1012 707 thesaurus
1047 665 1174 720 earum,
1210 665 1268 708 cor
1302 635 1484 707 subleuare

247 761 394 837 possunt.

354 861 469 945 Qualis
499 881 581 926 uero
607 862 648 922 sit
671 859 859 922 huiusmodi
884 863 1099 942 congregatio
1125 861 1327 934 diuitiarum,
1357 860 1519 921 'beatuss

242 969 306 1049 Job
329 970 471 1030 insinuat
495 969 625 1031 dicens:
649 968 852 1050 congregatio
875 967 1057 1050 hypocritae
1079 968 1207 1030 steau'lzr.
1232 965 1316 1029 filiae
1334 987 1485 1047 namque

245 1079 328 1139 istae
362 1076 522 1138 fecundae
555 1096 594 1138 ac
627 1075 747 1137 uirides
779 1077 811 1137 in
846 1077 912 1137 suis
949 1076 1104 1158 operibus
1139 1074 1289 1137 humanis
1325 1075 1485 1136 uidentur

246 1183 359 1257 oculis,
383 1184 442 1245 sed
467 1185 499 1245 in
523 1193 703 1264 conspectu
728 1183 848 1245 occulti
871 1182 986 1245 iudicis
1010 1182 1204 1245 infecundae
1229 1193 1262 1246 et
1287 1183 1401 1245 aridae
1428 1202 1483 1264 ap-

246 1299 371 1373 parent.
404 1309 517 1352 uerum
549 1290 638 1371 quod
669 1291 702 1352 in
734 1289 797 1352 alia
828 1291 1041 1353 translatione
1073 1291 1205 1352 dicitur:
1238 1289 1363 1352 multae
1395 1288 1483 1350 filiae

246 1397 392 1460 fecerunt
423 1397 624 1478 potentiam,
655 1396 697 1458 ad
728 1416 787 1458 eos
819 1395 971 1470 refertur,
1002 1397 1044 1458 de
1077 1397 1194 1478 quibus
1218 1397 1385 1458 Dominus
1409 1398 1482 1478 ipse
1495 1417 1521 1441 10

247 1513 466 1586 protestatur,
499 1502 554 1566 ubi
582 1504 642 1565 ait:
674 1502 798 1565 dabunt
818 1504 913 1584 sagena
937 1503 1040 1566 mulla
1063 1513 1095 1565 et
1109 1503 1281 1586 prodigia,
1313 1505 1364 1565 ita
1389 1505 1482 1564 utin

247 1632 384 1673 errorem
407 1611 605 1672 inducantur
624 1611 670 1688 (si
681 1611 765 1692 fieri
780 1614 896 1691 potest)
919 1611 1017 1672 etiam
1040 1611 1136 1672 electi.
1170 1611 1326 1693 quicquid
1355 1612 1482 1672 diuitia-

248 1739 320 1781 rum
351 1717 434 1780 tales
461 1717 546 1780 filiae
578 1718 853 1799 congregauerint
885 1718 1058 1781 ieiunando
1092 1719 1219 1781 orando
1244 1717 1481 1800 prophetando

247 1826 477 1906 eleemosynas
508 1825 620 1886 dando
652 1825 746 1904 signa
777 1823 947 1886 faciendo:
979 1825 1147 1886 uniuersas
1180 1845 1402 1906 supergressa
1430 1835 1478 1885 est

247 1934 325 2006 ista,
357 1951 441 2012 quae
473 1932 505 1992 in
537 1929 630 1993 caelo
660 1928 900 1993 thesaurizauit.
933 1940 1008 1992 sunt
1040 1939 1149 1993 autem
1182 1919 1263 1994 aliae
1295 1932 1400 2015 longe
1423 1932 1501 1992 hisu

247 2037 421 2101 dissimiles
453 2037 554 2112 filiae,
586 2057 670 2118 quae
694 2039 726 2098 in
751 2037 851 2099 corde
876 2059 959 2119 puro
984 2047 1017 2100 et
1041 2041 1243 2102 conscientia
1265 2039 1360 2102 bona
1393 2040 1469 2102 uerbi

249 2147 350 2208 diuini
373 2165 487 2207 semen
511 2145 728 2226 suscipientes
751 2143 891 2206 fructum
916 2143 990 2207 Deo
1014 2154 1187 2228 acceptum
1211 2145 1377 2209 referunt:
1403 2147 1477 2209 aliae

248 2253 449 2314 tricesimum
474 2252 556 2314 aliae
580 2254 835 2333 sexagesimum.
860 2254 893 2313 in
917 2253 1124 2315 matrimonio
1149 2255 1235 2315 enim
1255 2264 1378 2316 sancto
1406 2253 1481 2316 fruc·
1578 2237 1579 2312 ]

248 2368 301 2421 tus
332 2358 530 2433 tricesimuS,
564 2360 601 2420 in
627 2359 795 2421 uiduitatis
827 2360 1030 2422 continentia
1060 2361 1289 2441 sexagesimus
1321 2364 1483 2424 redditur.

249 2487 314 2549 qua
337 2487 416 2530 uero
440 2467 643 2547 proprietate
668 2464 719 2528 uel
743 2465 934 2528 tricenarius
958 2467 1141 2547 coniugatis
1165 2466 1216 2529 uel
1240 2472 1509 2551 sexagenariusm
1578 2459 1579 2549 1

249 2584 411 2655 congruat
449 2574 572 2647 uiduiS,
611 2582 799 2635 sanctorum
838 2581 968 2655 patrum
1008 2573 1202 2637 luculentius
1242 2578 1483 2640 assertionibus

249 2682 443 2758 edocemur;
475 2682 562 2742 unde
587 2689 621 2742 et
644 2681 686 2742 de
709 2679 759 2741 his
783 2682 816 2741 in
840 2679 901 2742 hac
925 2691 1018 2763 parte
1046 2690 1174 2744 tantum
1198 2702 1483 2747 commemorasse

248 2788 395 2851 sufficiat.
424 2789 526 2849 beata
557 2807 638 2868 ergo
670 2786 823 2848 Felicitas
855 2796 887 2848 et
918 2786 977 2849 has
1010 2797 1043 2850 et
1073 2788 1144 2850 illas
1176 2810 1411 2871 supergressa·
1434 2800 1482 2853 est

248 2896 346 2971 filias,
378 2913 462 2977 quae
494 2904 571 2976 post
603 2896 803 2957 tricesimum
835 2897 976 2977 coniugii
1008 2904 1042 2957 et
1069 2899 1314 2978 sexagesimum
1334 2891 1482 2961 'uidualis
1578 2962 1579 2971 ,

248 3004 410 3085 propositi
442 3001 582 3064 fructum
615 3002 829 3063 centesimum
861 3005 1009 3083 martyrii
1034 3003 1141 3065 attulit
1164 3006 1197 3065 in
1221 3007 1390 3085 patientia.
1423 3009 1481 3070 sed
1491 3024 1508 3059 ²³

250 3111 327 3190 quid
352 3110 428 3171 dico
451 3108 661 3171 solummodo
685 3110 910 3182 centesimum,
934 3129 1031 3189 quem
1056 3110 1153 3191 plene
1170 3111 1244 3173 Deo
1268 3114 1300 3173 in
1325 3116 1480 3195 propriae

250 3216 412 3297 passionis
435 3215 545 3277 hostia
568 3214 751 3289 obtulisset,
778 3216 929 3276 etiamsi
953 3218 1074 3278 totiens
1098 3219 1130 3279 in
1153 3217 1292 3281 filiorum
1317 3220 1477 3283 mortibus

250 3342 458 3404 nequaquam
482 3320 725 3403 praemisisset?
748 3321 836 3383 unde
860 3331 893 3383 et
917 3323 949 3383 in
972 3321 1036 3384 hoc
1061 3326 1158 3387 etiam
1179 3324 1344 3405 perlectas
1362 3328 1474 3409 pleras·
1578 3346 1579 3383 l

251 3450 314 3511 que
346 3450 560 3511 supergressa
588 3438 638 3491 est
670 3428 766 3503 filias,
798 3430 905 3510 ipsum
930 3429 1080 3493 uidelicet
1112 3436 1331 3495 consummati
1356 3435 1468 3499 fructus

252 3538 474 3599 centenarium
498 3538 671 3599 octonario
696 3534 946 3617 multiplicatum
972 3538 1207 3617 patientissime
1233 3540 1386 3605 offerens.
1481 3564 1501 3601 30

640 3766 949 3829 CAPITVLVM
974 3768 1092 3831 XXII.

552 3912 674 3973 Laus
707 3931 727 3972 a
759 3920 894 3989 parte
928 3914 1181 3975 contraria.
1249 3948 1251 3951 ·

360 4067 484 4129 Fallax
502 4070 633 4149 gratia,
656 4082 688 4131 et
708 4092 796 4132 aratra
819 4081 867 4131 ast
881 4068 1109 4151 pulchritudo:
1140 4072 1257 4134 arzzclzer
1277 4076 1394 4138 ternans
1417 4076 1480 4137 Da-

255 4173 378 4234 mz'num
401 4173 473 4254 ipsa
496 4173 691 4236 laudabitur.

360 4280 521 4343 Videmus
552 4282 584 4343 in
614 4283 742 4365 pictura
773 4286 920 4365 pretioso
952 4282 1053 4347 colori
1086 4293 1205 4352 tetrum
1229 4308 1480 4377 nonnumquam
1491 4320 1514 4359 ss
1576 4304 1577 4307 ’

360 4418 385 4472 ὁ.
405 4423 455 4491 Job
477 4433 516 4490 15,
536 4435 579 4490 34.
598 4452 633 4459 —
656 4436 694 4476 12.
716 4426 778 4475 Mat.
799 4437 840 4487 24,
861 4437 902 4487 24.
