3167 5025
256 222 297 305 34

254 418 490 483 delectabiliter
521 413 552 483 ei
581 408 720 484 insideat
752 409 824 501 ipse
850 408 1006 480 uirtutum
1030 392 1221 480 caelestium
1240 389 1416 481 'Dominus
1451 419 1488 479 et

254 528 405 591 notanda
431 528 610 608 gratiarum
636 526 827 590 differentia.
859 526 1002 609 apostoli
1030 535 1147 608 utpote
1177 535 1325 589 rectores
1357 535 1391 588 et
1419 546 1490 586 ma·

253 637 346 717 gistri
377 636 576 697 uestimenta
606 654 666 695 sua
696 643 924 717 superponunt
947 634 992 708 ei,
1023 634 1120 696 turba
1136 632 1234 715 >quae
1264 634 1398 696 interior
1424 643 1492 721 est,

253 762 315 807 nec
338 746 450 807 tamen
472 741 580 824 palliis
603 744 758 805 uirtutum
783 743 919 805 omnino
942 750 1047 817 caret,
1077 742 1218 823 pedibus
1241 743 1345 824 ipsius
1369 742 1493 803 eadem
1572 811 1574 826 ἓ

253 850 440 923 substernit,
464 870 507 910 ne
530 848 679 911 offendat
702 850 735 910 in
758 848 912 930 lapidem,
936 868 978 909 ne
1000 848 1105 911 calcet
1128 850 1266 930 spinam,
1290 868 1333 910 ne
1357 848 1517 911 labaturs

252 960 284 1019 iri
316 956 454 1019 foueam.
486 955 569 1019 haec
600 957 687 1017 enim
711 957 743 1017 in
768 957 821 1017 uia
836 956 907 1017 'Dei
938 956 1088 1018 cauenda
1117 957 1193 1018 sunt
1225 957 1356 1017 animae
1388 955 1490 1030 fideli,

253 1063 514 1137 'cordisduritia
538 1066 622 1144 qu‘ae
645 1066 709 1144 p'er
732 1062 876 1145 lapidem
900 1062 1098 1143 intelligitur,
1122 1064 1218 1145 spina
1233 1063 1267 1125 id
1283 1072 1341 1125 est,
1354 1060 1491 1125 aculeus

252 1172 395 1254 peccati,-
415 1171 457 1231 de
482 1171 577 1233 cuius·
597 1168 786 1233 confixione
808 1170 981 1252 paenitens
1004 1170 1190 1251 ingemiscit
1206 1172 1337 1233 dicens:
1361 1192 1490 1234 comear-

252 1282 307 1342 sus'
322 1278 400 1341 'sum
423 1278 458 1339 in
482 1298 638 1341 aemmna
660 1281 748 1350 mea,
779 1278 857 1340 dum
880 1279 1053 1361 configitur
1073 1279 1184 1360 spina,
1211 1278 1316 1341 ¹souea
1337 1298 1488 1359 quoque,
1572 1265 1574 1288 '

253 1406 351 1468 quam
382 1387 410 1447 is
439 1394 568 1447 tantum
579 1407 587 1441 .·
599 1386 742 1447 incidere
774 1384 980 1467 perhibetur,
1012 1387 1063 1447 cui
1092 1387 1194 1448 iratus
1225 1386 1522 1449 est·D0minus.10

252 1502 424 1575 praeterea
455 1493 554 1555 ramis
574 1490 785 1573 palmarum,
816 1513 901 1573 quae
931 1493 1089 1554 uictoriae
1121 1494 1251 1573 signum
1285 1488 1490 1575 praeferunt,

252 1606 305 1666 uia
336 1600 541 1680 adaequatur
569 1608 602 1661 et
633 1604 784 1674 ornatur,
819 1608 855 1661 ut
884 1600 917 1661 in
941 1600 1058 1661 semita
1093 1597 1244 1661 iustitiae
1258 1596 1382 1663 multos
1410 1622 1487 1663 cum
1572 1589 1574 1594 ⁵

253 1709 362 1793 palma
394 1709 551 1771 uictoriae
573 1709 806 1789 praecessisse
841 1706 1099 1788 contempletur,
1138 1727 1278 1788 quorum
1302 1710 1490 1791 'exemplis

253 1818 358 1897 magis
383 1817 553 1897 magisque
578 1816 610 1877 in
629 1816 739 1877 'sancti
763 1814 887 1876 laboris
910 1817 1088 1877 certamine
1111 1811 1294 1878 roboretur.
1319 1816 1490 1897 sicigitur
1572 1825 1574 1876 ἱ

252 1924 327 1985 Deo
350 1923 506 1998 subiecta,
530 1921 666 1983 feliciter
688 1922 900 2003 progreditur
915 1922 957 1983 de
974 1923 1092 1983 uirtute
1106 1924 1139 1984 in
1156 1918 1320 1996 uirtutem,
1345 1923 1513 1986 audienso

252 2031 351 2111 longe
375 2030 506 2113 lateque
528 2037 741 2091 resonantem
765 2029 798 2089 in
811 2030 939 2093 'diuinis
960 2028 1112 2091 laudibus
1136 2029 1280 2091 fidelium
1305 2027 1375 2091 'sibi
1412 2052 1487 2093 con·

253 2138 485 2218 gratulantium
517 2135 711 2211 clamorem,
743 2136 785 2197 de
817 2156 884 2215 quo
915 2136 985 2217 ipse
1010 2136 1071 2197 ait:
1102 2135 1235 2198 redeant
1256 2134 1363 2218 opero
1376 2134 1489 2201 nestra

252 2246 347 2316 bona,
384 2255 416 2307 et
437 2244 621 2325 glorificent
651 2248 780 2323 patrem
796 2248 966 2314 'uestrum
1003 2242 1062 2323 qui
1087 2243 1122 2304 in
1148 2243 1248 2305 caelis
1270 2255 1323 2306 est.
1364 2246 1489 2327 quibus

252 2353 436 2435 praeconiis
471 2372 574 2431 usque
609 2353 652 2412 ad
687 2370 860 2413 occursum
895 2350 1034 2430 angelici
1069 2352 1235 2413 exercitus
1274 2354 1488 2435 perducetur,

252 2462 397 2543 ipsisque
421 2460 540 2524 eodem
564 2456 676 2521 fauore
700 2457 950 2522 concinentibus
980 2458 1084 2520 dicet:
1117 2458 1283 2539 ingrediar
1313 2460 1347 2522 in
1379 2460 1516 2525 locumw

252 2566 453 2630 tabernaculi
472 2566 679 2629 admirabiles
702 2587 801 2647 usque
823 2565 872 2628 ad
884 2565 1013 2628 domum
1029 2565 1096 2626 Dei
1101 2588 1113 2627 .·
1134 2567 1169 2627 in
1185 2588 1259 2628 uoce
1273 2565 1489 2632 exrelta'ltbmi

252 2686 282 2738 et
303 2675 517 2756 confessiones,
540 2696 637 2738 sonas
658 2673 827 2757 epulantis.

359 2783 419 2846 Eia
451 2781 602 2858 ¹lrat'reS,¹
625 2783 670 2844 'ad
704 2781 798 2844 huius
837 2782 909 2843 uiae
948 2780 1163 2844 directionem
1201 2783 1289 2844 uotis
1328 2785 1486 2848 omnibus

252 2892 411 2974 aspirate,
443 2899 505 2973 pro
532 2897 649 2952 'tantae
673 2891 744 2972 spei
768 2889 965 2952 certitudine
988 2888 1164 2971 spiritualis
1188 2889 1342 2952 desiderii
1375 2893 1484 2956 sinum

252 3000 372 3064 laicate.
405 3005 488 3062 onus
519 2998 598 3061 illud
629 2998 719 3072 leue,
753 2997 844 3078 quod
875 2999 940 3060 iam
972 2996 1096 3059 dudum
1127 2995 1249 3060 deuote
1281 3002 1504 3082 suscepistisa

252 3107 351 3170 alacri
375 3114 485 3168 mente
509 3105 661 3180 baiulate,
678 3110 863 3186 portantem
883 3104 992 3166 omnia
1009 3102 1103 3166 uerbo
1118 3103 1248 3166 rcz'rtutzlr
1262 3126 1348 3177 suae,
1375 3104 1478 3171 Deum

251 3215 283 3276 in
307 3235 447 3296 corpore
479 3221 590 3276 uestro
609 3219 762 3295 portate.
794 3213 865 3294 ipse
896 3209 1046 3292 profecto
1079 3231 1189 3274 sessor
1215 3221 1422 3289 mansuetuS,
1449 3217 1484 3278 de

251 3342 318 3402 quo
349 3321 481 3384 dicitur:
513 3320 690 3382 ozansuetz's
721 3325 833 3380 autem
857 3317 950 3379 dabit
972 3318 1128 3397 gratiam,
1158 3337 1226 3379 non
1258 3339 1319 3380 uos
1350 3318 1487 3384 deseret

251 3448 357 3508 neque
381 3429 594 3510 derelinquet,
620 3428 726 3490 donec
750 3427 783 3487 in
807 3424 905 3499 illam,
938 3443 1037 3504 quam
1062 3426 1223 3487 mansueti
1247 3422 1488 3491 hereditabunt
1572 3448 1574 3493 ;

251 3543 379 3609 terram,
403 3535 540 3598 feliciter
562 3535 758 3598 introducat.
882 3536 885 3539 ’
1299 3535 1305 3547 ’
1497 3556 1518 3596 ³0
1572 3496 1574 3577 i

620 3753 931 3830 CAPIT'VLVM
954 3746 1114 3826 xv1111(

252 3898 256 3904 ’
296 3909 385 3991 Quid
401 3910 493 3975 circa
513 3919 774 3989 contemptores
799 3906 1005 3969 uisitationis
1021 3923 1106 3967 suae
1122 3906 1296 3968 Dominus
1313 3912 1438 3984 egerit.

358 4073 505 4134 Decursa
528 4091 588 4154 per
612 4071 761 4133 ordinem
786 4076 859 4130 tota
882 4067 986 4128 sancti
1010 4064 1171 4146 euangelii
1194 4067 1286 4141 serie,
1316 4068 1483 4150 nusquam

251 4187 343 4240 tanta
376 4181 508 4260 debitae
542 4179 645 4241 laudis
669 4177 916 4240 acclamatione
948 4184 1121 4255 susceptus
1153 4173 1274 4254 legitur
1305 4174 1483 4253 Dominus,

356 4337 381 4386 9.
401 4323 441 4370 Ps.
462 4329 503 4382 31,
523 4331 547 4382 4,
569 4345 602 4356 »—
627 4319 665 4368 18.
687 4321 748 4368 Mar.
771 4330 794 4382 5,
818 4315 966 4366 16.—-22.
987 4318 1026 4364 Ps.
1046 4329 1088 4377 41,
1111 4327 1134 4379 5.
1148 4342 1183 4352 -—
1197 4314 1237 4365 26,
1258 4317 1339 4365 Hebe.
1364 4331 1394 4383 r,
1409 4333 1434 4381 3.
1448 4349 1484 4356 -

252 4408 293 4458 28.
314 4409 387 4457 Pron.
410 4423 432 4470 3,
454 4423 494 4470 34.
