3167 5025
1291 211 1328 277 55

93 378 228 475 quanta
259 413 300 457 eo
332 402 481 479 tempore
505 393 686 462 honoratus
711 398 791 476 est,'
808 397 883 461 cuin
913 393 1063 459 e'xhibito'
1093 394 1155 458 sibi
1185 396 1332 457 iumento

92 503 292 579 subuectus,
316 504 583 586 Hierosolymam
608 508 801 569 ascenderet
824 524 987 587 passurus.
1012 503 1110 586 plena
1132 502 1253 565 etenim
1274 503 1333 564 uir·

92 614 173 671 tute
198 612 234 672 et
258 613 365 693 g'ratia
388 612 470 677 haec
493 616 565 697 ipsa
588 614 682 677 erant
706 615 898 697 praeconia,
919 612 1092 675 'diuinitati
1115 611 1209 673 simul
1233 620 1334 692 atque

90 716 300 780 humanitati
317 720 385 781 eius
401 720 555 783 breuibus
572 720 680 785 uerbis
696 721 920 784 testimonium
937 718 1149 802 perhibentia.
1166 717 1332 781 hominem

71 836 249 905 5namque
281 827 312 888 in
340 825 411 889 filio'
431 828 556 904 Dauid,
586 829 645 911 qui
665 830 753 891 uenit
773 828 809 890 in
832 826 1130 899 mminefiomma
1161 824 1333 888 manifeste

97 933 303 1010 ostendunt;
334 934 370 995 in
398 955 439 997 eo
470 956 549 997 uero
580 936 670 1017 quod
698 936 921 1017 subiungitur:
952 934 1099 997 hosanna
1122 933 1156 995 in
1180 933 1334 1015 eiccelszfs'!

98 1040 212 1101 Deum
250 1040 472 1104 nihilominus¹
490 1044 545 1124 qui
578 1042 706 1106 saluare
739 1045 845 1126 possit
877 1045 911 1105 in
944 1042 1140 1106 caelestibus
1174 1051 1333 1106 asserunt.

99 1150 297 1229 opportuna
320 1149 398 1211 satis
423 1158 456 1211 et
480 1130 612 1212 tenerae
637 1149 745 1213 adhuc
776 1149 1014 1232 discipulorum
1043 1148 1120 1211 fidei
1150 1151 1335 1213 necessaria

100 1254 281 1335 uidebatur
297 1254 459 1317 confessio
483 1258 553 1331 ista,
577 1258 609 1319 in
634 1257 773 1323 articulo.
792 1256 946 1320 uidelicet
969 1258 1129 1339 temporis
1151 1256 1244 1333 illius,
1267 1278 1335 1339 quo

73 1394 95 1418 ιο
103 1362 281 1444 multiplex
312 1364 502 1427 imminebat
533 1366 694 1447 passionis
725 1365 913 1446 ignominia.
946 1364 1123 1446 oportebat
1146 1365 1245 1427 etiam
1269 1363 1335 1427 infi-

99 1469 226 1532 delium
252 1470 383 1533 aun’bus
399 1474 577 1553 praeconia
599 1472 745 1535 eiusdem
768 1470 855 1534 fidei'
868 1474 936 1534 tam
961 1471 1107 1535 clamosa
1123 1492 1206 1535 uoce
1221 1473 1334 1553 ingeri,

98 1596 139 1638 ne
157 1578 230 1640 ·c'ui
262 1578 466 1643 dissimulare
498 1579 548 1642 uel
581 1581 641 1662 pe'r
670 1580 890 1662 ignorantiam
921 1600 994 1643 sese
1026 1578 1139 1642 liceret
1158 1580 1334 1643 excusare.

99 1706 166 1746 uno
200 1686 318 1765 itaque
349 1687 534 1768 eodemque
565 1687 696 1768 pietatis
728 1686 836 1749 officio
863 1696 902 1748 'et
931 1684 1133 1749 infirmorum
1160 1688 1336 1749 roberatur

100 1792 243 1856 deuotio
263 1797 310 1854 'et
342 1792 582 1856 incredulorum
615 1795 822 1877 redarguitur
844 1792 1035 1856 obstinatio:
1063 1793 1123 1855 sed
1149 1792 1226 1856 lice't
1249 1794 1335 1855 audi·

68 1904 222 1973 15r'entur*
243 1900 377 1961 laudum
401 1903 592 1982 praeconia,
618 1903 814 1964 'uiderentur
833 1900 1009 1981 'religiosae
1032 1901 1219 1963 deuotionis
1242 1901 1335 1963 obse·

101 2012 196 2091 quia,
223 2008 555 2071 cum¹Hebraeorum
577 2011 668 2091 pueri
692 2010 880 2071 innocentia
903 2008 1028 2083 uestiti,
1057 2009 1254 2070 uestimenta
1277 2027 1336 2070 sua

106 2124 355 2198 prosternerent
386 2117 418 2177 in
450 2117 518 2193 uia;
549 2115 733 2179 nullatenus
764 2124 875 2177 tamen
906 2116 948 2178 ad
980 2114 1055 2177 fidei
1085 2116 1224 2197 gratiam
1248 2114 1336 2179 flecti

111 2226 213 2305 potuit
238 2220 418 2285 infidelium
442 2224 568 2286 duiitia.
606 2224 610 2231 ’
638 2246 641 2255 ’
678 2224 681 2232 ’
782 2224 786 2231 ’
1168 2224 1170 2228 ’

127 2334 131 2339 ’
212 2332 302 2393 Nam
319 2332 519 2394 econtrario
542 2331 592 2393 his
616 2333 692 2394 uisis
717 2334 750 2394 e‘t
774 2329 901 2408 auditis,
916 2330 1059 2413 'quidam
1081 2328 1336 2414 pharisaeorum,

81 2448 145 2500 20ut
167 2438 282 2503 Lucas
310 2443 464 2515 testatur,
481 2450 562 2501 ‘non
594 2440 699 2501 solum
731 2438 772 2502 ¹ad
805 2439 1047 2522 suscipiendum
1071 2438 1270 2501 saluatorem
1293 2440 1337 2501 in:

114 2550 195 2628 grati
220 2548 373 2624 luerunt,
407 2549 464 2610 sed
499 2556 532 2610 et
563 2549 773 2631 susceptores
803 2549 872 2610 eius
902 2547 1061 2629 quantum
1092 2547 1131 2611 in'
1156 2549 1236 2630 ipsis¹
1266 2555 1337 2610 erat

119 2655 268 2737 repellere
307 2665 340 2718 et
382 2675 444 2717 ora
476 2654 676 2718 laudantium
718 2655 879 2717 inuidiose
897 2655 901 2660 ’
918 2654 1148 2718 calumniando
1182 2655 1337 2717 obturare

122 2763 305 2827 nitebantur.
332 2763 450 2844 quibus
474 2783 547 2825 cum
571 2761 700 2825 difficile
725 2763 890 2826 uideretur
911 2764 1011 2825 immo
1036 2761 1246 2844 impossibile,
1269 2758 1338 2824 tan·

122 2877 187 2931 tam
211 2869 445 2933 multitudinem
470 2879 537 2932 tam
562 2868 747 2931 uehementi
771 2871 903 2952 spiritus
926 2868 1054 2931 feruore
1078 2870 1111 2930 in
1134 2869 1250 2931 diuinis
1274 2867 1337 2930 lau·

79 3009 103 3045 25
114 2977 208 3040 dibus
244 2983 426 3041 accensam
458 2973 617 3039 uiolenter
646 2979 866 3060 conpescere,
904 2978 1011 3060 ipsum
1049 2977 1107 3058 qui
1143 2973 1339 3038 laudabatur

108 3087 285 3160 adeuntes}
311 3086 482 3167 assumpto
507 3085 652 3166 quodam
676 3083 998 3146 fietae‘reuerentiae
1022 3079 1198 3158 uelamine,
1221 3081 1338 3145 adhorl

21 3227 25 3234 ·
105 3203 220 3257 tantur
243 3194 409 3255 dicentes:
437 3191 593 3273 magister
614 3191 746 3272 increpa
766 3191 941 3272 discipulos
963 3201 1048 3261 tuom
1078 3189 1194 3251 turbas
1214 3189 1338 3251 scilicet

104 3301 300 3375 laudanteS,
339 3300 390 3362 uel
429 3297 600 3381 apostolos
639 3297 784 3379 plebem
808 3299 858 3360 ad*
891 3296 1090 3359 laudandum
1120 3297 1338 3377 instituentes.

103 3411 268 3474 uolebant
292 3417 328 3469 ut
352 3406 434 3469 haec
457 3405 519 3467 sibi
543 3403 691 3466 exhiberi
714 3405 785 3486 ipse
808 3403 1014 3487 prohiberet,
1042 3404 1134 3484 quasi
1158 3405 1213 3484 qui
1236 3402 1339 3466 hom'o

71 3549 92 3582 ao
101 3520 249 3593 tantum,
273 3536 341 3578 non
365 3516 464 3576 etiam
488 3513 579 3574 Deus
603 3521 700 3573 esset.
724 3512 927 3594 quzbus‘ipse
949 3511 1016 3574 a'it:
1046 3510 1122 3572 dz'co-
1139 3510 1237 3584 icobzb,
1261 3511 1339 3592 quia

99 3630 131 3690 si
153 3625 199 3690 lrz'
221 3622 388 3694 lacunam,
412 3619 537 3701 lapides
560 3617 752 3680 clamabunt.
781 3621 854 3701 ipso
879 3620 965 3681 enim
990 3617 1156 3693 crucifixo
1179 3616 1340 3701 apostolis

100 3756 187 3816 prae
219 3731 347 3793 timore
374 3727 577 3802 tacentibus,
608 3730 724 3807 petrae
747 3728 838 3806 qua‘ev
856 3727 978 3789 scissae
1005 3735 1081 3799 sunt
1104 3726 1283 3787 Dominum
1307 3733 1341 3786 et

101 3849 296 3904 creatorem
329 3839 423 3899 s'uum
451 3835 726 3918 protestabantur.
749 3833 901 3895 'futurum
925 3835 1057 3915 quoque
1082 3841 1168 3908 erat3
1199 3842 1236 3894 ut
1254 3832 1341 3894 'cum

102 3950 255 4013 caecitas
280 3945 475 4024 contigisset
498 3945 530 4004 in
554 3940 663 4015 lsrael·
684 3939 755 4002 istis
779 3962 799 4002 a
822 3941 918 4003 laude
943 3941 1006 4003 Dei
1029 3939 1341 4013 obmutescentibus

71 4085 93 4121 ss
103 4055 255 4140 populus
279 4053 427 4134 gentium
451 4049 578 4112 mollito
603 4049 702 4110 corde
727 4046 867 4129 lapidem
899 4047 1013 4110 Deum.
1032 4048 1181 4110 crederet
1204 4067 1242 4108 ac
1266 4044 1342 4108 fide·

103 4165 183 4240 liter
200 4160 418 4225 annuntiaret.
443 4176 556 4219 uerum
580 4157 656 4236 quia
680 4155 721 4216 ad
745 4156 819 4236 piae
835 4157 1061 4236 responsionis
1077 4155 1178 4217 uerba
1194 4153 1341 4216 auditum

104 4292 226 4338 eorum
251 4268 377 4350 aspidis
401 4287 492 4328 more
517 4264 671 4326 obdurari
695 4263 860 4341 cognouit,
885 4272 1045 4343 quantum
1070 4265 1169 4325 totius
1193 4263 1341 4341 ingratae

219 4425 262 4473 27.
285 4411 346 4459 Luc.
370 4423 408 4473 19,
430 4421 471 4473 39.
492 4432 526 4443 ——
547 4419 588 4467 31.
611 4407 672 4454 Luc.
697 4418 735 4470 19,
756 4419 798 4468 40.
