3167 5025
287 236 350 314 134
402 291 406 306 .
1451 3 1574 144 η

282 421 393 492 bidem
416 419 592 490 exercere?
622 423 696 509 ipso
719 423 836 488 saltem
858 422 1020 488 humanae
1046 423 1262 486 uerecundiae
1285 430 1447 505 respectu
1475 422 1518 484 ab
1572 404 1573 475 l

284 539 352 600 eius
376 545 410 598 te
434 537 600 598 continere
624 534 785 596 debueras
810 533 962 595 cruciatu.
986 540 1129 594 tortores
1143 533 1270 594 interea
1284 530 1519 593 extendentes

283 665 341 708 eos
365 642 586 708 crudelissime
610 641 795 704 afficiebant
818 642 852 702 in
875 647 1010 714 catasta,
1034 638 1119 702 adeo
1142 645 1178 702 ut
1201 639 1353 702 carnibus
1377 638 1414 699 in
1439 657 1518 718 sup
1572 656 1573 661 ¹

282 751 380 836 plicio
404 751 585 834 absumptis
608 751 680 832 ipsa
703 770 816 812 eorum
838 748 1040 812 nudarentur
1063 769 1147 811 ossa
1180 768 1319 829 cumque
1341 748 1412 808 iam
1437 746 1520 808 bea·

282 867 335 922 tus
358 867 484 941 martyr
496 858 592 921 Vitus
616 866 844 920 consummato
868 877 963 920 cursu
985 857 1206 939 propinquare
1229 877 1265 918 se
1289 862 1448 919 cerneret
1476 854 1541 915 ads

282 967 446 1040 brauium,
483 964 555 1028 fusa
592 985 690 1046 prece
729 964 771 1027 ad
810 966 1014 1046 ereptionem
1044 983 1137 1026 suam
1168 963 1341 1027 saluatoris
1373 963 1518 1024 inuocat

280 1067 448 1148 auxilium,
471 1081 504 1134 et
528 1092 627 1155 quam
651 1070 808 1134 uelociter
830 1072 872 1134 sit
893 1071 1076 1147 exauditus,
1099 1091 1208 1134 rerum
1223 1072 1335 1132 statim
1352 1067 1516 1153 probauit

283 1180 426 1242 effectus
450 1201 527 1243 nam
551 1201 590 1242 ac
613 1181 639 1242 si
662 1189 789 1242 orasset
813 1180 940 1241 dicens:
964 1200 1064 1261 quare
1086 1199 1154 1242 non
1170 1179 1293 1242 iudicas
1308 1186 1344 1240 et
1358 1179 1513 1240 uindicas

283 1289 475 1368 sanguinem
498 1296 646 1349 nostrum
671 1287 712 1349 de
736 1284 796 1361 his,
819 1287 874 1367 qui
897 1284 1045 1348 habitant
1068 1295 1320 1369 superterram,
1347 1285 1512 1347 continuo

282 1415 342 1477 per
372 1402 478 1457 terrae
510 1403 635 1456 motum
659 1396 902 1456 coruscationes
925 1402 959 1456 et
981 1395 1125 1456 tonitrua
1147 1395 1266 1456 iustam
1290 1393 1385 1455 Deus
1409 1393 1541 1455 mani-¹⁰

282 1501 414 1565 lestauit
436 1503 526 1577 iram,
557 1523 616 1584 per
639 1521 737 1584 quam
761 1500 924 1564 idolorum
947 1501 1095 1585 collapsa
1116 1510 1192 1564 sunt
1214 1500 1349 1584 templa,
1374 1509 1410 1562 et
1433 1521 1508 1582 gen·

282 1609 345 1672 tilis
369 1609 482 1693 populi
506 1611 547 1672 ad
572 1608 795 1692 spectaculum
818 1609 896 1672 illud
920 1608 1049 1673 collecti
1072 1611 1169 1671 tertia
1190 1629 1267 1691 pars
1291 1616 1343 1670 est
1368 1616 1504 1670 mortua

282 1717 506 1780 Diocletianus
541 1738 672 1798 quoque
707 1728 831 1780 terrore
869 1716 1026 1799 profugus
1060 1717 1155 1791 abiit,
1193 1714 1424 1778 confusionem
1455 1715 1501 1776 his

281 1824 388 1906 plagis
411 1823 536 1887 habens
559 1826 759 1905 grauiorem,
791 1824 881 1906 quod
905 1845 925 1886 a
947 1825 1097 1907 septenni
1132 1843 1235 1906 puero
1259 1822 1445 1886 confutatus
1465 1829 1495 1882 et

282 1932 387 1993 uictus
415 1930 517 1993 fuerit.
549 1932 655 2012 impiis
679 1951 758 1993 uero
782 1929 844 1993 hac
867 1930 989 1993 ultione
1013 1931 1173 2006 multatiS,
1204 1931 1335 1992 diuinae
1361 1928 1519 1994 consola-¹⁵

281 2040 380 2101 tionis
411 2039 517 2120 gratia
547 2047 787 2119 consequenter
816 2039 1014 2121 impenditur
1036 2039 1136 2100 iustis
1167 2037 1304 2119 angelus
1329 2039 1416 2100 enim
1431 2035 1484 2097 Do

281 2146 359 2207 mini
382 2147 530 2228 protinus
554 2144 653 2220 afluit,
677 2146 732 2226 qui
756 2145 798 2207 de
821 2147 992 2207 tormentis
1016 2165 1074 2209 eos
1097 2166 1213 2208 eruens
1229 2145 1271 2208 ad
1289 2145 1404 2208 locum
1417 2143 1490 2206 illum

281 2250 430 2326 fluminis,
455 2252 510 2314 ubi
534 2272 553 2313 a
576 2251 772 2314 Diocletiani
797 2251 913 2334 legatis
937 2254 1025 2334 prius
1049 2254 1169 2336 reperti
1192 2253 1329 2328 fuerant,
1354 2254 1418 2316 sub
1440 2273 1496 2314 mo

282 2368 394 2422 mento
426 2361 600 2421 reuocauit.
632 2380 771 2441 cumque
795 2362 859 2422 iam
883 2361 1016 2424 dissolui
1039 2371 1212 2443 cuperent,
1238 2371 1274 2424 ut
1298 2360 1434 2424 Christo
1455 2361 1499 2422 cui
1572 2440 1573 2451 ἵ

282 2469 425 2550 compati
450 2476 635 2530 meruerant
658 2469 757 2531 etiarn
784 2479 1040 2551 conregnarent,
1071 2469 1188 2533 beatus
1211 2469 1309 2533 Vitus
1334 2469 1526 2532 effundens²⁰

281 2576 364 2639 sicut
395 2594 513 2657 aquam
545 2595 602 2637 cor
633 2595 726 2637 suum
757 2585 833 2638 ante
864 2586 1079 2660 conspectum
1110 2577 1242 2640 Domini
1273 2577 1338 2640 Dei
1368 2579 1437 2640 sui:
1470 2586 1500 2637 tu

280 2683 438 2757 Domine,
462 2683 581 2763 inquit,
609 2683 660 2744 cui
682 2680 850 2744 humilium
873 2704 1005 2766 semper
1027 2694 1164 2768 accepta
1187 2694 1262 2748 sunt
1286 2693 1383 2760 uota,
1408 2687 1501 2747 etiam

281 2790 323 2852 ad
355 2797 483 2852 nostras
514 2810 630 2871 preces
661 2810 771 2852 aurem
802 2798 878 2852 tuae
908 2792 1041 2873 pietatis
1071 2791 1196 2855 inclina
1235 2814 1313 2855 ecce
1344 2803 1500 2874 quantum

281 2898 405 2979 gratiae
437 2905 513 2958 tuae
545 2916 737 2959 concessum
768 2904 819 2958 est
849 2897 986 2972 auxilio,
1017 2898 1179 2962 desudare
1202 2902 1312 2963 conati
1337 2902 1499 2963 sumusin

280 3004 396 3078 stadio,
421 3011 497 3087 post
522 3005 631 3066 exacti
654 3024 732 3066 uero
756 3004 878 3067 laboris
901 3005 1031 3087 pondus
1056 3014 1090 3067 et
1105 3015 1232 3069 aestum
1256 3016 1361 3070 restat
1382 3008 1498 3070 deside
1507 3013 1525 3048 ²⁵

279 3109 381 3172 rabile
411 3110 489 3173 illud
520 3112 701 3194 promissae
732 3113 850 3192 quietis
881 3111 1088 3193 refrigerium
1121 3115 1231 3195 itaque
1262 3115 1416 3179 manibus
1443 3116 1496 3177 tuis

280 3218 529 3279 commendatas
560 3218 591 3280 in
623 3238 704 3299 pace
729 3220 857 3300 suscipe
882 3220 1007 3281 animas
1029 3228 1176 3297 nostraS,
1207 3222 1333 3286 cunctis
1359 3222 1403 3285 de
1427 3242 1495 3284 mar·
1569 3261 1570 3274 ,

280 3324 357 3403 tyrii
379 3326 483 3386 nostri
506 3326 659 3407 passione
683 3333 716 3388 tc
740 3325 997 3407 glorificantibus
1026 3327 1143 3391 adesse
1167 3329 1309 3411 digneris
1332 3332 1489 3413 propitius,
1568 3381 1569 3384 ,

280 3448 404 3509 annuas
427 3432 459 3491 in
483 3432 651 3512 precibus,
674 3452 844 3494 succurras
867 3434 900 3494 in
923 3434 1187 3511 necessitatibus,
1218 3437 1430 3519 sentiantque
1445 3454 1485 3518 pa·
1568 3503 1570 3536 Ι

280 3537 408 3597 trocinii
432 3537 534 3599 nostri
558 3535 708 3599 leuamen
731 3539 764 3599 in
788 3537 947 3600 omnibus
1494 3554 1515 3591 ³⁰
1567 3565 1568 3624 p

284 3715 286 3721 ι
385 3640 479 3703 Talia
511 3663 583 3705 cum
615 3653 818 3726 perorasset,
850 3645 993 3707 diuinum
1021 3647 1132 3710 audire
1156 3648 1273 3711 meruit
1296 3666 1492 3733 responsum,
1567 3635 1568 3660 ¹

282 3766 364 3829 uoce
388 3748 430 3810 ad
454 3770 527 3811 eum
552 3750 686 3814 caelitus
711 3749 861 3833 delapsa,
885 3771 950 3832 qua
973 3763 1230 3834 consequentem
1253 3755 1323 3817 sine
1347 3754 1492 3836 ambigui·

280 3860 349 3914 tate
372 3874 506 3935 precum
529 3878 660 3919 suarum
684 3858 821 3939 agnouit
841 3857 1002 3920 effectum.
1026 3879 1090 3939 qua
1106 3859 1331 3923 consolatione
1347 3870 1492 3943 suscepta
1566 3853 1567 3860 '

280 3958 313 4035 in
336 3980 417 4041 pace
441 3964 643 4044 quieuerunt,
666 3966 821 4046 uisaeque
845 3974 920 4026 sunt
947 3985 1061 4026 eorum
1088 3968 1215 4029 animae
1231 3977 1401 4050 tamquam
1415 3967 1493 4031 niuei

281 4068 431 4151 candoris
459 4070 629 4134 columbae
661 4072 694 4134 in
726 4070 917 4153 angelorum
948 4071 1154 4152 psallentium
1177 4074 1352 4157 Deumque
1385 4075 1491 4140 collau·
1499 4088 1519 4129 ³⁵

280 4172 426 4237 dantium
458 4178 614 4240 comitatu
647 4178 690 4239 ad
722 4176 848 4240 caelum
871 4177 1053 4241 subuolare.
1084 4200 1223 4261 quorum
1253 4202 1395 4265 corpora
1423 4200 1491 4244 cum

279 4300 339 4361 per
368 4283 511 4361 triduum
541 4286 685 4346 iacerent
715 4282 900 4359 inhumata,
930 4285 1014 4366 iugis
1043 4286 1088 4348 ibi
1119 4288 1299 4370 aquilarum
1331 4291 1419 4353 affuit
1444 4308 1490 4349 cu·

280 4374 403 4463 studia,
434 4410 518 4469 quae
549 4391 649 4452 etiam
679 4391 808 4472 pridem
831 4391 1015 4453 uiuentibus
1038 4395 1127 4456 etin
1151 4396 1269 4458 eodem
1294 4415 1489 4459 commanen-
