3167 5025
272 210 316 287 96

272 427 339 469 non
370 408 506 482 audeat,
537 418 572 471 ut
603 411 726 475 scilicet
757 415 888 478 tacendi
919 425 952 478 et
983 416 1138 498 loquendi
1166 427 1297 500 tempus
1320 419 1494 492 custodiat,
1567 435 1568 468 ³

271 515 349 595 quid
373 517 423 577 cui
447 516 498 578 uel
523 528 681 598 quantum
704 519 866 602 quuatur,
891 522 978 586 uelut
993 523 1026 586 In
1043 533 1166 586 statera
1193 526 1383 608 perpendat.
1407 527 1494 588 bene

271 622 369 702 igitur
392 624 425 685 in
448 626 602 689 omnibus
625 649 697 695 sese
721 629 860 712 adaptat
884 639 917 692 et
941 640 1116 714 praeparat
1140 634 1307 714 martyrio,
1331 655 1416 715 quae
1443 633 1494 695 lin·

271 749 355 811 guae
380 732 528 796 ordinem
552 755 680 817 ponens
707 737 889 802 cottidiano
912 738 1000 804 illam
1024 741 1130 802 erudit
1154 741 1330 816 exercitio,
1360 743 1492 823 dignam

271 835 432 904 exhibens
455 842 627 915 reddendo
651 846 786 910 tandem
810 847 842 911 in
866 849 1020 933 passione
1044 849 1191 914 ueritatis
1215 850 1413 915 testimonio.
1511 875 1518 908 s

640 1075 948 1143 CAPITVLVM
971 1079 1123 1146 XVIIII.

708 1224 802 1285 Laus
827 1243 847 1285 a
869 1224 1060 1304 disciplina.

382 1381 607 1445 Constiterant}
633 1384 764 1446 sentitus
787 1385 900 1447 dantus
922 1405 1014 1458 suae,
1044 1396 1076 1447 et
1100 1398 1217 1467 panem
1241 1387 1342 1448 otrbsa
1367 1408 1431 1448 non
1454 1407 1495 1447 co·

270 1488 375 1550 medit.
406 1511 506 1571 supra
528 1489 652 1553 dictum
676 1500 741 1566 est,
765 1493 841 1573 quia
864 1513 930 1555 non
953 1494 1097 1556 timuerit
1120 1493 1231 1556 domui
1255 1513 1334 1556 suae
1359 1515 1379 1556 a
1403 1493 1496 1575 frigo

272 1595 361 1658 ribus
384 1598 474 1681 niuis,
498 1619 584 1662 nunc
607 1620 686 1662 uero
710 1609 746 1663 ut
769 1622 789 1664 a
812 1601 995 1676 securitate,
1019 1623 1103 1684 quae
1128 1611 1233 1664 mater
1255 1610 1306 1664 est
1330 1602 1521 1684 negligen-u

271 1703 353 1778 tiae,
384 1707 514 1786 penitus
545 1717 737 1783 excusetur,
768 1708 1015 1772 considerandis
1047 1709 1193 1771 elusdem
1225 1709 1344 1770 domus
1373 1711 1495 1772 semitis

271 1810 521 1876 solllcitudinem
553 1815 739 1878 adhibuisse
770 1815 966 1898 perhibetur.
1000 1835 1066 1878 non
1090 1817 1176 1879 enirn
1200 1815 1386 1879 sufficiebat
1409 1839 1429 1879 a
1451 1816 1493 1878 sri-

271 1939 353 1999 gore
391 1921 590 1986 infidelitatis
629 1924 829 1987 demesticos
863 1925 1045 1999 custodite,
1082 1924 1143 1985 nisi
1178 1925 1276 1986 etiam
1315 1926 1489 1988 cottidiana

270 2028 462 2092 obseruaret
497 2029 682 2111 diligentia,
716 2051 801 2113 quae
833 2040 921 2093 esset
951 2030 998 2093 eis
1030 2051 1157 2094 morum
1189 2031 1378 2114 disciplina,
1416 2055 1482 2114 qtae

271 2146 402 2201 actuum
434 2138 607 2213 Industria,
639 2148 763 2220 quanta
791 2160 811 2201 a
841 2138 933 2201 malis
964 2138 1107 2212 cautela,
1139 2157 1237 2220 quarn
1269 2138 1509 2203 indefessam

270 2245 366 2306 bonis
389 2247 641 2327 perseuerantia.
665 2246 727 2308 hae
751 2256 828 2309 sunt
851 2249 974 2330 quippe
990 2247 1246 2309 domesticorum
1266 2247 1408 2310 semitae
1432 2257 1490 2310 tam

271 2351 346 2414 sorti
362 2361 532 2415 matronae
548 2353 663 2417 sedulo
681 2355 949 2430 considerandae,
973 2355 1116 2416 maxIme
1133 2363 1271 2437 propter
1286 2363 1337 2416 tot
1352 2353 1442 2417 filios
1457 2354 1490 2416 ad
1568 2439 1569 2448 ἵ

168 2534 171 2537 ,
271 2461 419 2543 martyrii
443 2460 650 2526 tolerantiam
671 2463 828 2545 paulatIm
844 2463 1047 2526 imbuendos
1071 2461 1122 2525 his
1138 2483 1218 2545 ergo
1235 2462 1372 2544 aliisque
1389 2461 1489 2546 proxi·
1568 2467 1569 2479 ¹

271 2589 400 2631 morum
435 2568 627 2632 utilitatibus
661 2579 825 2653 occupata
852 2582 973 2653 panem
1008 2570 1108 2633 otthsa
1142 2590 1204 2632 non
1239 2569 1391 2643 comedit,
1432 2580 1486 2633 ran

270 2676 428 2759 exemplo
451 2697 551 2759 quam
575 2678 678 2741 uerbo
702 2678 920 2761 apostolicum
944 2676 1022 2740 illud
1045 2677 1260 2754 confirmans,
1291 2687 1327 2740 ut
1350 2679 1408 2759 qui
1434 2698 1515 2741 non20

270 2795 442 2868 operatur,
480 2807 541 2849 nec
575 2788 760 2850 manducet.
800 2786 976 2870 oportebat
1014 2787 1100 2849 enirn
1138 2784 1232 2848 huius
1269 2788 1492 2849 sanctissimae

271 2895 389 2956 uiduae
423 2893 621 2975 singularem
656 2895 849 2977 religionem
885 2894 1036 2957 omnibus
1070 2894 1227 2975 delnceps
1262 2893 1369 2956 uiduis
1408 2895 1494 2957 uelut

271 3001 440 3084 speculum
464 3002 633 3083 quoddam
657 3004 826 3085 praeponi,
850 3012 885 3065 ut
902 3003 970 3065 eius
986 3003 1103 3064 intuitu
1127 3000 1248 3084 triplex
1270 3000 1348 3063 illud
1366 3002 1495 3075 malum,

271 3110 362 3191 quod
386 3109 556 3193 apostolus
580 3111 612 3172 in
636 3110 833 3192 quibusdam
849 3129 960 3172 earum
977 3110 1123 3183 denotat,
1147 3109 1296 3171 otiositas
1312 3109 1494 3172 uerbositas

271 3227 305 3280 et
329 3219 498 3282 curiositas
521 3218 763 3301 deprehensum
787 3219 893 3301 possit
916 3218 1038 3280 euitari.
1063 3216 1149 3279 unde
1173 3217 1253 3279 satiS
1272 3224 1376 3298 patet,
1400 3234 1516 3298 quana

271 3334 341 3388 tum
364 3327 510 3389 interiori
533 3326 646 3388 domui
669 3327 778 3388 cordis
802 3325 945 3387 studium
969 3323 1168 3399 adhibuerit,
1198 3342 1296 3405 quarn
1320 3323 1435 3387 subtili
1458 3328 1490 3387 in-

271 3435 450 3516 dagatione
473 3454 589 3496 omnes
612 3434 694 3496 illius
715 3434 859 3507 semitas
883 3432 915 3494 id
932 3441 983 3494 est
997 3432 1106 3495 uarios
1123 3431 1361 3513 cogitationum
1378 3442 1485 3503 motus,

272 3543 536 3607 considerauerit.

379 3650 472 3711 Haec
504 3650 622 3711 domus
652 3648 871 3711 firmissimum
895 3645 1008 3709 habuit
1041 3646 1117 3709 fidei
1147 3645 1396 3710 fundamentum
1429 3647 1496 3730 spei

272 3757 494 3833 altitudinem,
525 3757 669 3819 caritatis
693 3756 913 3832 latitudinem;
945 3764 1100 3836 quattuor
1123 3772 1255 3835 quoque
1285 3750 1524 3835 angularibuss

273 3865 432 3929 columnis
463 3867 636 3948 prudentia
666 3864 886 3946 temperantia
915 3862 1104 3925 fortitudIne
1133 3862 1255 3923 iustitia
1287 3860 1499 3923 Immohiliter

265 3974 471 4037 lulelebatur.
495 3973 663 4036 mulierem
687 3970 854 4053 quandam
877 3970 1041 4052 garrulam
1065 3988 1184 4048 uagam
1208 3976 1241 4030 et
1257 3967 1375 4048 quietis
1399 3970 1500 4051 impa-

272 4084 409 4145 tientem
432 4084 465 4145 in
489 4081 553 4145 hoc
576 4084 649 4164 ipso
673 4080 922 4162 prouerbiorum
946 4076 1046 4150 libre,
1078 4076 1168 4137 cuius
1191 4074 1336 4139 ultimam
1368 4085 1500 4157 partem

273 4212 352 4274 prae
376 4190 526 4252 manibus
549 4187 717 4261 habemus
741 4185 899 4249 Salomon
923 4191 1169 4259 commemorat,
1194 4202 1278 4264 quae
1299 4183 1341 4245 de
1357 4183 1500 4245 cubiculi

273 4300 322 4361 sui
353 4306 470 4360 ornatu
501 4294 585 4357 falso
616 4292 774 4374 gloriatur
799 4293 930 4355 dicens:
961 4290 1087 4371 aspersi
1107 4288 1206 4351 cubr'le
1228 4308 1331 4351 meum
1355 4290 1529 4371 myrrham

380 4452 422 4490 21.
442 4437 516 4487 Conf.
537 4437 626 4485 Thess.
648 4446 672 4496 3,
695 4446 734 4482 ro.
754 4462 789 4470 -—
809 4445 850 4494 24.
871 4432 945 4481 Conf.
966 4432 985 4481 1.
1006 4432 1072 4481 Tim.
1093 4442 1116 4495 5,
1140 4442 1179 4493 13.
