3167 5025
562 1054 933 1159 PRAEFATIO.

694 1290 798 1301 ——-·-

142 1479 335 1559 tgissjg-fjfgum
359 1468 514 1550 proximo
538 1488 625 1531 anno
649 1470 682 1532 in
709 1478 955 1551 programmate
979 1470 1143 1551 gymnasii
1166 1469 1360 1533 Graecensis

142 1549 153 1668 ,i
168 1567 270 1650 {3
295 1575 434 1639 Tutonis
467 1576 699 1658 opusculorum
722 1586 851 1660 partem
880 1578 1028 1652 ederem,
1060 1578 1196 1641 uixdum
1227 1598 1360 1661 sperare

143 1663 269 1740 s‘slss-'i'f
294 1684 388 1766 potui
420 1682 489 1745 sore
520 1692 555 1745 ut
586 1684 704 1766 integri
736 1685 879 1748 auctoris
910 1684 1030 1748 edendi
1061 1686 1158 1767 copia
1192 1694 1260 1747 tam
1295 1686 1361 1749 cito

138 1791 213 1853 mihi
237 1790 339 1867 fieret,
364 1810 462 1879 quam
487 1800 537 1853 est
560 1789 646 1854 facta
669 1793 702 1853 in
725 1793 837 1873 primis
861 1791 1054 1855 liberalitate
1078 1793 1253 1867 societatis,
1277 1812 1361 1873 quae

137 1898 301 1980 ‚,Styriae“
333 1900 464 1961 nomine
496 1900 651 1981 insignita
674 1899 804 1963 Graecii
827 1899 923 1963 floret
949 1900 1151 1980 edendisque
1181 1899 1362 1963 litterarum

139 2008 319 2088 artiumque
355 2007 509 2089 operibus
545 2028 681 2090 operam
715 2016 816 2071 nauat
849 2007 1087 2070 faustissimam.
1144 2008 1230 2070 Huic
1264 2009 1363 2089 igitur

140 2116 286 2177 societati
321 2113 572 2177 honestissimae
607 2117 741 2197 negotio
777 2114 872 2179 huius
906 2115 1005 2179 libelli
1035 2116 1124 2197 typis
1155 2116 1362 2199 exprimendi

142 2221 362 2285 liberalissime
386 2232 420 2285 et
443 2222 714 2304 splendidissime,
738 2223 770 2285 id
796 2224 886 2305 quod
910 2243 1008 2285 nemo
1031 2224 1087 2304 qui
1110 2223 1229 2286 uiderit
1243 2222 1362 2285 infitias

145 2328 212 2405 ibit,
240 2329 417 2392 defunctae
448 2338 481 2391 et
512 2350 577 2411 ego
607 2328 716 2393 habeo
747 2331 870 2411 gratias
902 2350 1000 2411 quam
1031 2350 1167 2412 possum
1199 2331 1362 2393 maximas

146 2437 231 2520 eique
254 2438 336 2499 satis
360 2435 452 2500 multi
475 2439 624 2520 prolecto
648 2458 777 2501 mecum
797 2436 975 2514 habebunt,
998 2438 1053 2520 qui
1069 2438 1204 2520 cognito
1220 2438 1363 2521 proximi

144 2547 214 2608 anni
245 2546 339 2628 quasi
371 2546 515 2627 quodam
548 2546 728 2626 prodromo
752 2553 904 2608 auctores
928 2554 962 2608 et
985 2565 1137 2609 suasores
1160 2545 1239 2608 mihi
1262 2555 1363 2621 erant,

145 2662 177 2714 ut
209 2655 337 2735 integra
371 2651 454 2715 haec
488 2652 664 2735 opuscula,
702 2661 820 2734 utpote
857 2673 932 2716 cum
966 2661 1094 2716 mentes
1129 2661 1198 2716 tum
1237 2655 1363 2716 animos

148 2757 317 2840 legentium
340 2759 427 2824 haud
453 2761 660 2824 mediocriter
683 2760 799 2824 alitura
828 2770 861 2824 et
884 2759 1080 2842 theologicis
1103 2761 1219 2824 studiis
1242 2763 1364 2843 pariter

149 2885 195 2947 ac
215 2865 416 2950 philologieis
440 2867 585 2931 nonnihil
608 2868 714 2931 bonae
738 2867 841 2950 frugis
872 2868 1022 2931 adlatura
1051 2868 1139 2932 foras
1171 2869 1363 2930 emitterem.

252 2971 347 3054 Quod
370 2976 493 3039 addere
517 2974 639 3058 placuit
663 2975 786 3058 aliquot
811 2977 970 3058 imagines
993 2976 1173 3040 delineatas
1197 2976 1239 3038 ad
1263 2976 1364 3057 ipsius

141 3081 264 3144 codicis
287 3083 445 3164 imagines
469 3082 633 3146 coloratas
657 3084 690 3146 in
717 3103 817 3146 causa
839 3082 917 3146 mihi
941 3082 999 3146 suit
1023 3084 1186 3146 sententia
1207 3081 1368 3144 Ludouici

139 3186 232 3252 Kurz
265 3187 306 3250 de
344 3189 546 3252 Goldenstein
586 3189 733 3272 collegae
772 3190 885 3252 talium
923 3211 1030 3253 rerum
1069 3191 1270 3272 peritissimi,
1309 3190 1365 3270 qui

16 3372 20 3380 Ι
46 3388 49 3392 ι
139 3297 272 3360 easdem
290 3297 499 3378 dignissimas
516 3317 588 3360 esse
601 3297 764 3361 delineatu
781 3298 936 3360 iudicauit
947 3307 981 3360 et
993 3299 1063 3380 ipse
1080 3297 1166 3360 ultro
1179 3296 1364 3360 delineandi

139 3423 276 3488 operam
310 3403 398 3467 haud
433 3403 561 3468 facilem
595 3404 819 3468 lubentissime
854 3413 887 3467 et
921 3425 987 3486 qua
1019 3413 1071 3468 est
1105 3424 1203 3466 manu
1242 3401 1364 3466 artifice

137 3513 293 3594 suscepit

19 3605 20 3634 ³
246 3618 362 3700 Atque
385 3617 443 3694 his,
468 3626 504 3680 ut
526 3637 587 3700 par
609 3616 676 3692 suit,
704 3617 892 3700 praemissis
915 3635 990 3680 cum
1013 3637 1079 3680 non
1102 3615 1259 3681 haberem
1281 3637 1365 3698 quae

138 3727 310 3804 adderem,
344 3725 426 3789 inira
448 3747 533 3808 quae
567 3727 598 3788 in
634 3734 881 3807 programmate
912 3745 1011 3808 supra
1041 3725 1133 3790 dicto
1164 3725 1206 3788 de
1234 3725 1366 3788 Tutone

136 3833 211 3916 ipso
238 3842 272 3896 et
297 3833 339 3896 de
364 3833 492 3896 duobus
509 3833 677 3896 codicibus
694 3832 852 3914 opuscula
868 3831 950 3894 haec
965 3832 1209 3895 continentibus
1225 3831 1365 3894 dicenda

138 3961 211 4004 esse
238 3940 435 4004 uidebantur
458 3940 524 4004 iere
547 3941 677 4021 integra
699 3939 887 4003 recudenda
910 3941 1028 4002 curaui.

251 4047 374 4130 »Igitur
403 4048 498 4122 Tuto,
529 4050 585 4130 qui
615 4068 656 4109 ne
687 4048 819 4110 nomine
852 4047 985 4128 quidem
1017 4048 1094 4110 uiris
1126 4046 1233 4109 doctis
1260 4043 1367 4109 adhuc

37 4172 40 4183 ·
141 4153 292 4231 innotuit,
322 4175 384 4218 nec
415 4176 481 4238 quo
513 4175 599 4218 anno
630 4174 692 4217 nec
722 4153 777 4217 ubi
807 4155 978 4224 necunde
1009 4163 1105 4217 natus
1128 4155 1171 4216 sit
1193 4153 1367 4238 explorare

145 4265 290 4346 contigit.
336 4263 411 4326 Hoc
446 4283 543 4326 unum
580 4271 710 4325 constat
745 4260 943 4324 monachum
979 4282 1054 4324 eum
1085 4260 1182 4324 fuisse
1217 4261 1367 4326 coenobii

147 4365 377 4445 Tharisiensis,
401 4371 491 4434 cuius
515 4371 561 4432 rei
584 4371 653 4452 ipse
678 4370 771 4432 testis
795 4379 861 4445 est,
893 4389 966 4432 cum
991 4369 1022 4430 in
1046 4367 1152 4431 fronte
1175 4367 1288 4442 libelli,
1312 4368 1368 4450 qui

667 4661 984 4791 ii‘lt25752
1034 4638 1036 4643 ’
